ActionDay,AskPrice1,AskPrice2,AskPrice3,AskPrice4,AskPrice5,AskVolume1,AskVolume2,AskVolume3,AskVolume4,AskVolume5,AveragePrice,BidPrice1,BidPrice2,BidPrice3,BidPrice4,BidPrice5,BidVolume1,BidVolume2,BidVolume3,BidVolume4,BidVolume5,ClosePrice,CurrDelta,ExchangeID,ExchangeInstID,HighestPrice,InstrumentID,LastPrice,LowerLimitPrice,LowestPrice,OpenInterest,OpenPrice,PreClosePrice,PreDelta,PreOpenInterest,PreSettlementPrice,SettlementPrice,TradingDay,Turnover,UpdateMillisec,UpdateTime,UpperLimitPrice,Volume
20231107,,,,,,0,0,0,0,0,0.0,,,,,,0,0,0,0,0,,,CFFEX,,,IC2311,5596.0,5031.2,,71232.0,,5596.0,,71232.0,5590.2,,20231107,0.0,0,07:03:54,6149.2,0
20231107,5588.4,,,,,1,0,0,0,0,1117600.0,5588.0,,,,,39,0,0,0,0,,,CFFEX,,5588.0,IC2311,5588.0,5031.2,5588.0,71164.0,5588.0,5596.0,,71232.0,5590.2,,20231107,101701600.0,0,09:29:00,6149.2,91
20231107,5589.4,,,,,2,0,0,0,0,1117605.45455,5588.2,,,,,1,0,0,0,0,,,CFFEX,,5589.4,IC2311,5588.0,5031.2,5588.0,71151.0,5588.0,5596.0,,71232.0,5590.2,,20231107,122936600.0,500,09:30:00,6149.2,110
20231107,5589.2,,,,,3,0,0,0,0,1117617.86667,5588.0,,,,,16,0,0,0,0,,,CFFEX,,5589.4,IC2311,5588.0,5031.2,5588.0,71124.0,5588.0,5596.0,,71232.0,5590.2,,20231107,167642680.0,0,09:30:01,6149.2,150
20231107,5588.2,,,,,3,0,0,0,0,1117620.11696,5588.0,,,,,10,0,0,0,0,,,CFFEX,,5589.4,IC2311,5588.2,5031.2,5588.0,71110.0,5588.0,5596.0,,71232.0,5590.2,,20231107,191113040.0,500,09:30:01,6149.2,171
20231107,5588.0,,,,,1,0,0,0,0,1117615.41126,5587.0,,,,,12,0,0,0,0,,,CFFEX,,5589.4,IC2311,5588.0,5031.2,5587.0,71070.0,5588.0,5596.0,,71232.0,5590.2,,20231107,258169160.0,0,09:30:02,6149.2,231
20231107,5587.8,,,,,3,0,0,0,0,1117601.43426,5587.0,,,,,2,0,0,0,0,,,CFFEX,,5589.4,IC2311,5587.0,5031.2,5587.0,71053.0,5588.0,5596.0,,71232.0,5590.2,,20231107,280517960.0,500,09:30:02,6149.2,251
20231107,5587.6,,,,,1,0,0,0,0,1117596.88716,5586.8,,,,,1,0,0,0,0,,,CFFEX,,5589.4,IC2311,5587.4,5031.2,5586.8,71048.0,5588.0,5596.0,,71232.0,5590.2,,20231107,287222400.0,0,09:30:03,6149.2,257
20231107,5588.0,,,,,6,0,0,0,0,1117588.8,5587.8,,,,,1,0,0,0,0,,,CFFEX,,5589.4,IC2311,5587.8,5031.2,5586.8,71038.0,5588.0,5596.0,,71232.0,5590.2,,20231107,307336920.0,500,09:30:03,6149.2,275
20231107,5587.8,,,,,2,0,0,0,0,1117588.29932,5587.6,,,,,1,0,0,0,0,,,CFFEX,,5589.4,IC2311,5586.0,5031.2,5586.0,71031.0,5588.0,5596.0,,71232.0,5590.2,,20231107,328570960.0,0,09:30:04,6149.2,294
20231107,5589.0,,,,,3,0,0,0,0,1117588.07947,5588.0,,,,,4,0,0,0,0,,,CFFEX,,5589.4,IC2311,5588.0,5031.2,5586.0,71023.0,5588.0,5596.0,,71232.0,5590.2,,20231107,337511600.0,500,09:30:04,6149.2,302
20231107,5589.2,,,,,1,0,0,0,0,1117589.11475,5588.2,,,,,7,0,0,0,0,,,CFFEX,,5589.4,IC2311,5588.2,5031.2,5586.0,71022.0,5588.0,5596.0,,71232.0,5590.2,,20231107,340864680.0,0,09:30:05,6149.2,305
20231107,5589.4,,,,,4,0,0,0,0,1117594.0,5588.8,,,,,1,0,0,0,0,,,CFFEX,,5589.4,IC2311,5588.2,5031.2,5586.0,71013.0,5588.0,5596.0,,71232.0,5590.2,,20231107,357630080.0,500,09:30:05,6149.2,320
20231107,5589.8,,,,,1,0,0,0,0,1117599.87842,5589.6,,,,,2,0,0,0,0,,,CFFEX,,5589.4,IC2311,5588.8,5031.2,5586.0,71004.0,5588.0,5596.0,,71232.0,5590.2,,20231107,367690360.0,0,09:30:06,6149.2,329
20231107,5589.4,,,,,1,0,0,0,0,1117609.65116,5588.0,,,,,9,0,0,0,0,,,CFFEX,,5589.6,IC2311,5589.4,5031.2,5586.0,70989.0,5588.0,5596.0,,71232.0,5590.2,,20231107,384457720.0,500,09:30:06,6149.2,344
20231107,5589.2,,,,,1,0,0,0,0,1117610.22472,5588.0,,,,,6,0,0,0,0,,,CFFEX,,5589.6,IC2311,5588.0,5031.2,5586.0,70977.0,5588.0,5596.0,,71232.0,5590.2,,20231107,397869240.0,0,09:30:07,6149.2,356
20231107,5589.0,,,,,6,0,0,0,0,1117611.21294,5587.6,,,,,1,0,0,0,0,,,CFFEX,,5589.6,IC2311,5587.6,5031.2,5586.0,70964.0,5588.0,5596.0,,71232.0,5590.2,,20231107,414633760.0,500,09:30:07,6149.2,371
20231107,5588.4,,,,,2,0,0,0,0,1117609.86737,5586.4,,,,,1,0,0,0,0,,,CFFEX,,5589.6,IC2311,5587.8,5031.2,5586.0,70958.0,5588.0,5596.0,,71232.0,5590.2,,20231107,421338920.0,0,09:30:08,6149.2,377
20231107,5586.4,,,,,2,0,0,0,0,1117606.4042,5586.0,,,,,24,0,0,0,0,,,CFFEX,,5589.6,IC2311,5586.4,5031.2,5586.0,70958.0,5588.0,5596.0,,71232.0,5590.2,,20231107,425808040.0,500,09:30:08,6149.2,381
20231107,5587.6,,,,,2,0,0,0,0,1117595.81633,5586.0,,,,,18,0,0,0,0,,,CFFEX,,5589.6,IC2311,5586.0,5031.2,5586.0,70950.0,5588.0,5596.0,,71232.0,5590.2,,20231107,438097560.0,0,09:30:09,6149.2,392
20231107,5586.0,,,,,2,0,0,0,0,1117576.60194,5585.6,,,,,14,0,0,0,0,,,CFFEX,,5589.6,IC2311,5586.0,5031.2,5586.0,70936.0,5588.0,5596.0,,71232.0,5590.2,,20231107,460441560.0,500,09:30:09,6149.2,412
20231107,5585.6,,,,,1,0,0,0,0,1117542.34234,5585.0,,,,,1,0,0,0,0,,,CFFEX,,5589.6,IC2311,5585.0,5031.2,5585.0,70906.0,5588.0,5596.0,,71232.0,5590.2,,20231107,496188800.0,0,09:30:10,6149.2,444
20231107,5585.0,,,,,13,0,0,0,0,1117535.67929,5583.4,,,,,20,0,0,0,0,,,CFFEX,,5589.6,IC2311,5583.6,5031.2,5583.6,70901.0,5588.0,5596.0,,71232.0,5590.2,,20231107,501773520.0,500,09:30:10,6149.2,449
20231107,5585.0,,,,,9,0,0,0,0,1117526.66667,5584.0,,,,,1,0,0,0,0,,,CFFEX,,5589.6,IC2311,5585.0,5031.2,5583.6,70898.0,5588.0,5596.0,,71232.0,5590.2,,20231107,509592160.0,0,09:30:11,6149.2,456
20231107,5584.0,,,,,4,0,0,0,0,1117508.0597,5583.6,,,,,4,0,0,0,0,,,CFFEX,,5589.6,IC2311,5584.0,5031.2,5583.6,70894.0,5588.0,5596.0,,71232.0,5590.2,,20231107,524111280.0,500,09:30:11,6149.2,469
20231107,5584.0,,,,,3,0,0,0,0,1117497.56303,5583.8,,,,,3,0,0,0,0,,,CFFEX,,5589.6,IC2311,5584.0,5031.2,5583.6,70892.0,5588.0,5596.0,,71232.0,5590.2,,20231107,531928840.0,0,09:30:12,6149.2,476
20231107,5583.8,,,,,9,0,0,0,0,1117483.12757,5583.6,,,,,2,0,0,0,0,,,CFFEX,,5589.6,IC2311,5583.8,5031.2,5583.6,70885.0,5588.0,5596.0,,71232.0,5590.2,,20231107,543096800.0,500,09:30:12,6149.2,486
20231107,5583.8,,,,,11,0,0,0,0,1117468.46774,5583.4,,,,,20,0,0,0,0,,,CFFEX,,5589.6,IC2311,5583.6,5031.2,5583.6,70877.0,5588.0,5596.0,,71232.0,5590.2,,20231107,554264360.0,0,09:30:13,6149.2,496
20231107,5583.6,,,,,5,0,0,0,0,1117436.21622,5583.4,,,,,6,0,0,0,0,,,CFFEX,,5589.6,IC2311,5583.4,5031.2,5583.4,70856.0,5588.0,5596.0,,71232.0,5590.2,,20231107,578831960.0,500,09:30:13,6149.2,518
20231107,5583.4,,,,,1,0,0,0,0,1117416.09023,5583.2,,,,,3,0,0,0,0,,,CFFEX,,5589.6,IC2311,5583.2,5031.2,5583.2,70847.0,5588.0,5596.0,,71232.0,5590.2,,20231107,594465360.0,0,09:30:14,6149.2,532
20231107,5583.2,,,,,12,0,0,0,0,1117398.30882,5583.0,,,,,12,0,0,0,0,,,CFFEX,,5589.6,IC2311,5583.0,5031.2,5583.0,70839.0,5588.0,5596.0,,71232.0,5590.2,,20231107,607864680.0,500,09:30:14,6149.2,544
20231107,5583.0,,,,,1,0,0,0,0,1117366.71378,5582.8,,,,,12,0,0,0,0,,,CFFEX,,5589.6,IC2311,5582.8,5031.2,5582.8,70820.0,5588.0,5596.0,,71232.0,5590.2,,20231107,632429560.0,0,09:30:15,6149.2,566
20231107,5582.8,,,,,13,0,0,0,0,1117341.16438,5581.4,,,,,17,0,0,0,0,,,CFFEX,,5589.6,IC2311,5582.8,5031.2,5582.0,70809.0,5588.0,5596.0,,71232.0,5590.2,,20231107,652527240.0,500,09:30:15,6149.2,584
20231107,5582.6,,,,,9,0,0,0,0,1117333.58234,5581.6,,,,,4,0,0,0,0,,,CFFEX,,5589.6,IC2311,5582.6,5031.2,5581.6,70808.0,5588.0,5596.0,,71232.0,5590.2,,20231107,658109480.0,0,09:30:16,6149.2,589
20231107,5581.6,,,,,5,0,0,0,0,1117319.73244,5581.4,,,,,18,0,0,0,0,,,CFFEX,,5589.6,IC2311,5582.6,5031.2,5581.6,70801.0,5588.0,5596.0,,71232.0,5590.2,,20231107,668157200.0,500,09:30:16,6149.2,598
20231107,5582.6,,,,,15,0,0,0,0,1117301.87192,5581.4,,,,,16,0,0,0,0,,,CFFEX,,5589.6,IC2311,5581.4,5031.2,5581.4,70792.0,5588.0,5596.0,,71232.0,5590.2,,20231107,680436840.0,0,09:30:17,6149.2,609
20231107,5581.6,,,,,1,0,0,0,0,1117280.12841,5581.4,,,,,6,0,0,0,0,,,CFFEX,,5589.6,IC2311,5581.4,5031.2,5581.4,70782.0,5588.0,5596.0,,71232.0,5590.2,,20231107,696065520.0,500,09:30:17,6149.2,623
20231107,5582.6,,,,,16,0,0,0,0,1117269.07937,5581.4,,,,,3,0,0,0,0,,,CFFEX,,5589.6,IC2311,5581.4,5031.2,5581.4,70780.0,5588.0,5596.0,,71232.0,5590.2,,20231107,703879520.0,0,09:30:18,6149.2,630
20231107,5581.4,,,,,3,0,0,0,0,1117258.27316,5581.2,,,,,7,0,0,0,0,,,CFFEX,,5589.6,IC2311,5581.4,5031.2,5581.4,70775.0,5588.0,5596.0,,71232.0,5590.2,,20231107,711693520.0,500,09:30:18,6149.2,637
20231107,5581.4,,,,,8,0,0,0,0,1117243.77125,5581.2,,,,,7,0,0,0,0,,,CFFEX,,5589.6,IC2311,5581.4,5031.2,5581.4,70768.0,5588.0,5596.0,,71232.0,5590.2,,20231107,722856720.0,0,09:30:19,6149.2,647
20231107,5581.2,,,,,7,0,0,0,0,1117228.6758,5581.0,,,,,2,0,0,0,0,,,CFFEX,,5589.6,IC2311,5581.2,5031.2,5581.2,70770.0,5588.0,5596.0,,71232.0,5590.2,,20231107,734019240.0,500,09:30:19,6149.2,657
20231107,5581.2,,,,,13,0,0,0,0,1117217.89157,5580.6,,,,,1,0,0,0,0,,,CFFEX,,5589.6,IC2311,5580.6,5031.2,5580.6,70764.0,5588.0,5596.0,,71232.0,5590.2,,20231107,741832680.0,0,09:30:20,6149.2,664
20231107,5580.6,,,,,1,0,0,0,0,1117201.95846,5580.4,,,,,3,0,0,0,0,,,CFFEX,,5589.6,IC2311,5580.6,5031.2,5580.6,70754.0,5588.0,5596.0,,71232.0,5590.2,,20231107,752994120.0,500,09:30:20,6149.2,674
20231107,5580.4,,,,,7,0,0,0,0,1117182.15743,5580.0,,,,,1,0,0,0,0,,,CFFEX,,5589.6,IC2311,5580.4,5031.2,5580.0,70749.0,5588.0,5596.0,,71232.0,5590.2,,20231107,766386960.0,0,09:30:21,6149.2,686
20231107,5580.0,,,,,9,0,0,0,0,1117170.73593,5579.6,,,,,2,0,0,0,0,,,CFFEX,,5589.6,IC2311,5580.2,5031.2,5580.0,70743.0,5588.0,5596.0,,71232.0,5590.2,,20231107,774199320.0,500,09:30:21,6149.2,693
20231107,5579.6,,,,,6,0,0,0,0,1117148.83853,5579.0,,,,,1,0,0,0,0,,,CFFEX,,5589.6,IC2311,5580.0,5031.2,5579.6,70734.0,5588.0,5596.0,,71232.0,5590.2,,20231107,788707080.0,0,09:30:22,6149.2,706
20231107,5579.0,,,,,7,0,0,0,0,1117131.39665,5578.2,,,,,1,0,0,0,0,,,CFFEX,,5589.6,IC2311,5579.0,5031.2,5579.0,70726.0,5588.0,5596.0,,71232.0,5590.2,,20231107,799866080.0,500,09:30:22,6149.2,716
20231107,5578.8,,,,,1,0,0,0,0,1117121.05409,5578.4,,,,,1,0,0,0,0,,,CFFEX,,5589.6,IC2311,5578.2,5031.2,5578.2,70722.0,5588.0,5596.0,,71232.0,5590.2,,20231107,805444280.0,0,09:30:23,6149.2,721
20231107,5578.8,,,,,8,0,0,0,0,1117104.10959,5578.4,,,,,1,0,0,0,0,,,CFFEX,,5589.6,IC2311,5578.6,5031.2,5578.2,70714.0,5588.0,5596.0,,71232.0,5590.2,,20231107,815486000.0,500,09:30:23,6149.2,730
20231107,5578.4,,,,,4,0,0,0,0,1117087.80488,5578.2,,,,,1,0,0,0,0,,,CFFEX,,5589.6,IC2311,5578.2,5031.2,5577.0,70707.0,5588.0,5596.0,,71232.0,5590.2,,20231107,824410800.0,0,09:30:24,6149.2,738
20231107,5578.4,,,,,6,0,0,0,0,1117078.27725,5578.2,,,,,1,0,0,0,0,,,CFFEX,,5589.6,IC2311,5578.4,5031.2,5577.0,70703.0,5588.0,5596.0,,71232.0,5590.2,,20231107,829989160.0,500,09:30:24,6149.2,743
20231107,5578.2,,,,,2,0,0,0,0,1117057.55968,5577.0,,,,,2,0,0,0,0,,,CFFEX,,5589.6,IC2311,5577.0,5031.2,5577.0,70697.0,5588.0,5596.0,,71232.0,5590.2,,20231107,842261400.0,0,09:30:25,6149.2,754
20231107,5578.4,,,,,1,0,0,0,0,1117033.95046,5578.2,,,,,1,0,0,0,0,,,CFFEX,,5589.6,IC2311,5578.2,5031.2,5577.0,70688.0,5588.0,5596.0,,71232.0,5590.2,,20231107,856765040.0,500,09:30:25,6149.2,767
20231107,5580.0,,,,,4,0,0,0,0,1117000.81218,5579.6,,,,,1,0,0,0,0,,,CFFEX,,5589.6,IC2311,5580.0,5031.2,5577.0,70673.0,5588.0,5596.0,,71232.0,5590.2,,20231107,880196640.0,0,09:30:26,6149.2,788
20231107,5580.0,,,,,1,0,0,0,0,1116975.76208,5578.4,,,,,2,0,0,0,0,,,CFFEX,,5589.6,IC2311,5580.2,5031.2,5577.0,70658.0,5588.0,5596.0,,71232.0,5590.2,,20231107,901399440.0,500,09:30:26,6149.2,807
20231107,5580.4,,,,,5,0,0,0,0,1116973.34981,5580.0,,,,,1,0,0,0,0,,,CFFEX,,5589.6,IC2311,5580.0,5031.2,5577.0,70656.0,5588.0,5596.0,,71232.0,5590.2,,20231107,903631440.0,0,09:30:27,6149.2,809
20231107,5580.6,,,,,10,0,0,0,0,1116963.42298,5579.4,,,,,1,0,0,0,0,,,CFFEX,,5589.6,IC2311,5580.6,5031.2,5577.0,70651.0,5588.0,5596.0,,71232.0,5590.2,,20231107,913676080.0,500,09:30:27,6149.2,818
20231107,5580.6,,,,,8,0,0,0,0,1116961.36585,5580.0,,,,,1,0,0,0,0,,,CFFEX,,5589.6,IC2311,5580.6,5031.2,5577.0,70649.0,5588.0,5596.0,,71232.0,5590.2,,20231107,915908320.0,0,09:30:28,6149.2,820
20231107,5580.6,,,,,10,0,0,0,0,1116955.97576,5580.0,,,,,3,0,0,0,0,,,CFFEX,,5589.6,IC2311,5580.2,5031.2,5577.0,70644.0,5588.0,5596.0,,71232.0,5590.2,,20231107,921488680.0,500,09:30:28,6149.2,825
20231107,5579.8,,,,,1,0,0,0,0,1116951.36309,5579.6,,,,,1,0,0,0,0,,,CFFEX,,5589.6,IC2311,5580.0,5031.2,5577.0,70640.0,5588.0,5596.0,,71232.0,5590.2,,20231107,925952680.0,0,09:30:29,6149.2,829
20231107,5580.6,,,,,8,0,0,0,0,1116940.02384,5580.4,,,,,1,0,0,0,0,,,CFFEX,,5589.6,IC2311,5580.4,5031.2,5577.0,70637.0,5588.0,5596.0,,71232.0,5590.2,,20231107,937112680.0,500,09:30:29,6149.2,839
20231107,5581.4,,,,,3,0,0,0,0,1116928.02817,5580.6,,,,,2,0,0,0,0,,,CFFEX,,5589.6,IC2311,5580.8,5031.2,5577.0,70626.0,5588.0,5596.0,,71232.0,5590.2,,20231107,951622680.0,0,09:30:30,6149.2,852
20231107,5582.6,,,,,3,0,0,0,0,1116918.06674,5582.4,,,,,4,0,0,0,0,,,CFFEX,,5589.6,IC2311,5582.4,5031.2,5577.0,70612.0,5588.0,5596.0,,71232.0,5590.2,,20231107,970601800.0,500,09:30:30,6149.2,869
20231107,5582.4,,,,,3,0,0,0,0,1116912.54545,5581.0,,,,,1,0,0,0,0,,,CFFEX,,5589.6,IC2311,5581.0,5031.2,5577.0,70606.0,5588.0,5596.0,,71232.0,5590.2,,20231107,982883040.0,0,09:30:31,6149.2,880
20231107,5582.2,,,,,1,0,0,0,0,1116912.54545,5581.0,,,,,1,0,0,0,0,,,CFFEX,,5589.6,IC2311,5581.0,5031.2,5577.0,70606.0,5588.0,5596.0,,71232.0,5590.2,,20231107,982883040.0,500,09:30:31,6149.2,880
20231107,5581.0,,,,,3,0,0,0,0,1116910.12458,5580.8,,,,,2,0,0,0,0,,,CFFEX,,5589.6,IC2311,5581.0,5031.2,5577.0,70608.0,5588.0,5596.0,,71232.0,5590.2,,20231107,986231640.0,0,09:30:32,6149.2,883
20231107,5580.8,,,,,1,0,0,0,0,1116900.53691,5580.0,,,,,2,0,0,0,0,,,CFFEX,,5589.6,IC2311,5580.0,5031.2,5577.0,70600.0,5588.0,5596.0,,71232.0,5590.2,,20231107,998509080.0,500,09:30:32,6149.2,894
20231107,5580.6,,,,,2,0,0,0,0,1116900.53691,5580.0,,,,,3,0,0,0,0,,,CFFEX,,5589.6,IC2311,5580.0,5031.2,5577.0,70600.0,5588.0,5596.0,,71232.0,5590.2,,20231107,998509080.0,0,09:30:33,6149.2,894
20231107,5581.4,,,,,1,0,0,0,0,1116880.74317,5581.0,,,,,3,0,0,0,0,,,CFFEX,,5589.6,IC2311,5581.0,5031.2,5577.0,70585.0,5588.0,5596.0,,71232.0,5590.2,,20231107,1021945880.0,500,09:30:33,6149.2,915
20231107,5580.0,,,,,1,0,0,0,0,1116878.51852,5579.0,,,,,3,0,0,0,0,,,CFFEX,,5589.6,IC2311,5581.0,5031.2,5577.0,70583.0,5588.0,5596.0,,71232.0,5590.2,,20231107,1025294480.0,0,09:30:34,6149.2,918
20231107,5581.6,,,,,5,0,0,0,0,1116870.42071,5581.2,,,,,3,0,0,0,0,,,CFFEX,,5589.6,IC2311,5581.0,5031.2,5577.0,70580.0,5588.0,5596.0,,71232.0,5590.2,,20231107,1035338880.0,500,09:30:34,6149.2,927
20231107,5581.2,,,,,1,0,0,0,0,1116865.82441,5580.4,,,,,1,0,0,0,0,,,CFFEX,,5589.6,IC2311,5581.4,5031.2,5577.0,70577.0,5588.0,5596.0,,71232.0,5590.2,,20231107,1043152680.0,0,09:30:35,6149.2,934
20231107,5581.4,,,,,2,0,0,0,0,1116861.59405,5580.6,,,,,4,0,0,0,0,,,CFFEX,,5589.6,IC2311,5581.2,5031.2,5577.0,70571.0,5588.0,5596.0,,71232.0,5590.2,,20231107,1050966760.0,500,09:30:35,6149.2,941
20231107,5582.0,,,,,1,0,0,0,0,1116859.87288,5581.6,,,,,2,0,0,0,0,,,CFFEX,,5589.6,IC2311,5582.0,5031.2,5577.0,70569.0,5588.0,5596.0,,71232.0,5590.2,,20231107,1054315720.0,0,09:30:36,6149.2,944
20231107,5582.8,,,,,10,0,0,0,0,1116855.38784,5581.8,,,,,2,0,0,0,0,,,CFFEX,,5589.6,IC2311,5582.2,5031.2,5577.0,70559.0,5588.0,5596.0,,71232.0,5590.2,,20231107,1065480040.0,500,09:30:36,6149.2,954
20231107,5582.6,,,,,1,0,0,0,0,1116853.48643,5581.8,,,,,2,0,0,0,0,,,CFFEX,,5589.6,IC2311,5582.0,5031.2,5577.0,70561.0,5588.0,5596.0,,71232.0,5590.2,,20231107,1069945640.0,0,09:30:37,6149.2,958
20231107,5582.0,,,,,1,0,0,0,0,1116853.09698,5581.6,,,,,2,0,0,0,0,,,CFFEX,,5589.6,IC2311,5582.4,5031.2,5577.0,70560.0,5588.0,5596.0,,71232.0,5590.2,,20231107,1071062120.0,500,09:30:37,6149.2,959
20231107,5582.6,,,,,1,0,0,0,0,1116851.85031,5581.8,,,,,3,0,0,0,0,,,CFFEX,,5589.6,IC2311,5582.0,5031.2,5577.0,70557.0,5588.0,5596.0,,71232.0,5590.2,,20231107,1074411480.0,0,09:30:38,6149.2,962
20231107,5582.0,,,,,1,0,0,0,0,1116850.22774,5581.8,,,,,2,0,0,0,0,,,CFFEX,,5589.6,IC2311,5582.8,5031.2,5577.0,70553.0,5588.0,5596.0,,71232.0,5590.2,,20231107,1078877320.0,500,09:30:38,6149.2,966
20231107,5582.8,,,,,8,0,0,0,0,1116847.31757,5582.0,,,,,1,0,0,0,0,,,CFFEX,,5589.6,IC2311,5582.0,5031.2,5577.0,70553.0,5588.0,5596.0,,71232.0,5590.2,,20231107,1086692440.0,0,09:30:39,6149.2,973
20231107,5582.0,,,,,1,0,0,0,0,1116845.60901,5581.8,,,,,1,0,0,0,0,,,CFFEX,,5589.6,IC2311,5582.8,5031.2,5577.0,70550.0,5588.0,5596.0,,71232.0,5590.2,,20231107,1091158160.0,500,09:30:39,6149.2,977
20231107,5582.8,,,,,7,0,0,0,0,1116845.15337,5582.2,,,,,1,0,0,0,0,,,CFFEX,,5589.6,IC2311,5582.0,5031.2,5577.0,70549.0,5588.0,5596.0,,71232.0,5590.2,,20231107,1092274560.0,0,09:30:40,6149.2,978
20231107,5582.6,,,,,1,0,0,0,0,1116844.82125,5582.2,,,,,1,0,0,0,0,,,CFFEX,,5589.6,IC2311,5582.6,5031.2,5577.0,70549.0,5588.0,5596.0,,71232.0,5590.2,,20231107,1093391080.0,500,09:30:40,6149.2,979
20231107,5583.0,,,,,3,0,0,0,0,1116841.82002,5582.0,,,,,2,0,0,0,0,,,CFFEX,,5589.6,IC2311,5583.0,5031.2,5577.0,70540.0,5588.0,5596.0,,71232.0,5590.2,,20231107,1104556560.0,0,09:30:41,6149.2,989
20231107,5582.6,,,,,3,0,0,0,0,1116841.08871,5582.2,,,,,5,0,0,0,0,,,CFFEX,,5589.6,IC2311,5583.0,5031.2,5577.0,70538.0,5588.0,5596.0,,71232.0,5590.2,,20231107,1107906360.0,500,09:30:41,6149.2,992
20231107,5583.0,,,,,3,0,0,0,0,1116838.28,5582.0,,,,,1,0,0,0,0,,,CFFEX,,5589.6,IC2311,5582.4,5031.2,5577.0,70538.0,5588.0,5596.0,,71232.0,5590.2,,20231107,1116838280.0,0,09:30:42,6149.2,1000
20231107,5582.4,,,,,1,0,0,0,0,1116837.84216,5581.6,,,,,2,0,0,0,0,,,CFFEX,,5589.6,IC2311,5582.0,5031.2,5577.0,70537.0,5588.0,5596.0,,71232.0,5590.2,,20231107,1117954680.0,500,09:30:42,6149.2,1001
20231107,5582.8,,,,,3,0,0,0,0,1116837.48503,5581.8,,,,,1,0,0,0,0,,,CFFEX,,5589.6,IC2311,5582.4,5031.2,5577.0,70536.0,5588.0,5596.0,,71232.0,5590.2,,20231107,1119071160.0,0,09:30:43,6149.2,1002
20231107,5582.4,,,,,1,0,0,0,0,1116835.35253,5581.8,,,,,1,0,0,0,0,,,CFFEX,,5589.6,IC2311,5581.6,5031.2,5577.0,70537.0,5588.0,5596.0,,71232.0,5590.2,,20231107,1124653200.0,500,09:30:43,6149.2,1007
20231107,5583.0,,,,,6,0,0,0,0,1116834.05941,5581.6,,,,,1,0,0,0,0,,,CFFEX,,5589.6,IC2311,5581.8,5031.2,5577.0,70536.0,5588.0,5596.0,,71232.0,5590.2,,20231107,1128002400.0,0,09:30:44,6149.2,1010
20231107,5581.8,,,,,3,0,0,0,0,1116833.5905,5581.6,,,,,1,0,0,0,0,,,CFFEX,,5589.6,IC2311,5581.8,5031.2,5577.0,70535.0,5588.0,5596.0,,71232.0,5590.2,,20231107,1129118760.0,500,09:30:44,6149.2,1011
20231107,5581.6,,,,,1,0,0,0,0,1116831.68473,5581.4,,,,,2,0,0,0,0,,,CFFEX,,5589.6,IC2311,5581.6,5031.2,5577.0,70534.0,5588.0,5596.0,,71232.0,5590.2,,20231107,1133584160.0,0,09:30:45,6149.2,1015
20231107,5582.8,,,,,3,0,0,0,0,1116830.67847,5581.2,,,,,2,0,0,0,0,,,CFFEX,,5589.6,IC2311,5581.6,5031.2,5577.0,70532.0,5588.0,5596.0,,71232.0,5590.2,,20231107,1135816800.0,500,09:30:45,6149.2,1017
20231107,5582.6,,,,,6,0,0,0,0,1116830.67847,5581.4,,,,,4,0,0,0,0,,,CFFEX,,5589.6,IC2311,5581.6,5031.2,5577.0,70532.0,5588.0,5596.0,,71232.0,5590.2,,20231107,1135816800.0,0,09:30:46,6149.2,1017
20231107,5582.2,,,,,1,0,0,0,0,1116829.03036,5581.4,,,,,4,0,0,0,0,,,CFFEX,,5589.6,IC2311,5581.4,5031.2,5577.0,70529.0,5588.0,5596.0,,71232.0,5590.2,,20231107,1140282440.0,500,09:30:46,6149.2,1021
20231107,5582.8,,,,,2,0,0,0,0,1116826.67965,5581.6,,,,,3,0,0,0,0,,,CFFEX,,5589.6,IC2311,5581.8,5031.2,5577.0,70527.0,5588.0,5596.0,,71232.0,5590.2,,20231107,1146981000.0,0,09:30:47,6149.2,1027
20231107,5582.8,,,,,2,0,0,0,0,1116825.77259,5582.2,,,,,1,0,0,0,0,,,CFFEX,,5589.6,IC2311,5581.8,5031.2,5577.0,70525.0,5588.0,5596.0,,71232.0,5590.2,,20231107,1149213720.0,500,09:30:47,6149.2,1029
20231107,5583.0,,,,,4,0,0,0,0,1116824.294,5581.8,,,,,2,0,0,0,0,,,CFFEX,,5589.6,IC2311,5582.2,5031.2,5577.0,70522.0,5588.0,5596.0,,71232.0,5590.2,,20231107,1154796320.0,0,09:30:48,6149.2,1034
20231107,5583.0,,,,,2,0,0,0,0,1116823.861,5582.4,,,,,1,0,0,0,0,,,CFFEX,,5589.6,IC2311,5583.0,5031.2,5577.0,70520.0,5588.0,5596.0,,71232.0,5590.2,,20231107,1157029520.0,500,09:30:48,6149.2,1036
20231107,5583.0,,,,,1,0,0,0,0,1116823.42967,5582.4,,,,,1,0,0,0,0,,,CFFEX,,5589.6,IC2311,5583.0,5031.2,5577.0,70520.0,5588.0,5596.0,,71232.0,5590.2,,20231107,1159262720.0,0,09:30:49,6149.2,1038
20231107,5583.0,,,,,2,0,0,0,0,1116823.42967,5582.4,,,,,1,0,0,0,0,,,CFFEX,,5589.6,IC2311,5583.0,5031.2,5577.0,70520.0,5588.0,5596.0,,71232.0,5590.2,,20231107,1159262720.0,500,09:30:49,6149.2,1038
20231107,5582.8,,,,,2,0,0,0,0,1116823.42967,5582.4,,,,,1,0,0,0,0,,,CFFEX,,5589.6,IC2311,5583.0,5031.2,5577.0,70520.0,5588.0,5596.0,,71232.0,5590.2,,20231107,1159262720.0,0,09:30:50,6149.2,1038
20231107,5583.0,,,,,3,0,0,0,0,1116822.96154,5582.8,,,,,2,0,0,0,0,,,CFFEX,,5589.6,IC2311,5582.8,5031.2,5577.0,70519.0,5588.0,5596.0,,71232.0,5590.2,,20231107,1161495880.0,500,09:30:50,6149.2,1040
20231107,5583.2,,,,,5,0,0,0,0,1116821.39446,5583.0,,,,,1,0,0,0,0,,,CFFEX,,5589.6,IC2311,5583.0,5031.2,5577.0,70512.0,5588.0,5596.0,,71232.0,5590.2,,20231107,1169312000.0,0,09:30:51,6149.2,1047
20231107,5582.8,,,,,3,0,0,0,0,1116821.01049,5582.6,,,,,1,0,0,0,0,,,CFFEX,,5589.6,IC2311,5583.2,5031.2,5577.0,70510.0,5588.0,5596.0,,71232.0,5590.2,,20231107,1171545240.0,500,09:30:51,6149.2,1049
20231107,5583.2,,,,,5,0,0,0,0,1116820.09497,5582.6,,,,,1,0,0,0,0,,,CFFEX,,5589.6,IC2311,5583.2,5031.2,5577.0,70510.0,5588.0,5596.0,,71232.0,5590.2,,20231107,1176011560.0,0,09:30:52,6149.2,1053
20231107,5582.6,,,,,2,0,0,0,0,1116819.52607,5582.4,,,,,2,0,0,0,0,,,CFFEX,,5589.6,IC2311,5582.6,5031.2,5577.0,70509.0,5588.0,5596.0,,71232.0,5590.2,,20231107,1178244600.0,500,09:30:52,6149.2,1055
20231107,5582.4,,,,,2,0,0,0,0,1116817.21281,5582.0,,,,,1,0,0,0,0,,,CFFEX,,5589.6,IC2311,5582.0,5031.2,5577.0,70505.0,5588.0,5596.0,,71232.0,5590.2,,20231107,1186059880.0,0,09:30:53,6149.2,1062
20231107,5582.4,,,,,2,0,0,0,0,1116815.10778,5581.4,,,,,1,0,0,0,0,,,CFFEX,,5589.6,IC2311,5582.0,5031.2,5577.0,70503.0,5588.0,5596.0,,71232.0,5590.2,,20231107,1191641720.0,500,09:30:53,6149.2,1067
20231107,5582.4,,,,,1,0,0,0,0,1116813.86916,5581.2,,,,,3,0,0,0,0,,,CFFEX,,5589.6,IC2311,5581.4,5031.2,5577.0,70500.0,5588.0,5596.0,,71232.0,5590.2,,20231107,1194990840.0,0,09:30:54,6149.2,1070
20231107,5582.4,,,,,1,0,0,0,0,1116813.86916,5581.2,,,,,7,0,0,0,0,,,CFFEX,,5589.6,IC2311,5581.4,5031.2,5577.0,70500.0,5588.0,5596.0,,71232.0,5590.2,,20231107,1194990840.0,500,09:30:54,6149.2,1070
20231107,5582.4,,,,,1,0,0,0,0,1116812.87313,5581.4,,,,,3,0,0,0,0,,,CFFEX,,5589.6,IC2311,5581.4,5031.2,5577.0,70501.0,5588.0,5596.0,,71232.0,5590.2,,20231107,1197223400.0,0,09:30:55,6149.2,1072
20231107,5582.4,,,,,1,0,0,0,0,1116812.37651,5581.4,,,,,4,0,0,0,0,,,CFFEX,,5589.6,IC2311,5581.4,5031.2,5577.0,70500.0,5588.0,5596.0,,71232.0,5590.2,,20231107,1198339680.0,500,09:30:55,6149.2,1073
20231107,5582.6,,,,,2,0,0,0,0,1116812.06704,5581.6,,,,,1,0,0,0,0,,,CFFEX,,5589.6,IC2311,5582.4,5031.2,5577.0,70499.0,5588.0,5596.0,,71232.0,5590.2,,20231107,1199456160.0,0,09:30:56,6149.2,1074
20231107,5582.6,,,,,2,0,0,0,0,1116811.75814,5582.2,,,,,1,0,0,0,0,,,CFFEX,,5589.6,IC2311,5582.4,5031.2,5577.0,70498.0,5588.0,5596.0,,71232.0,5590.2,,20231107,1200572640.0,500,09:30:56,6149.2,1075
20231107,5582.0,,,,,1,0,0,0,0,1116810.9935,5581.6,,,,,2,0,0,0,0,,,CFFEX,,5589.6,IC2311,5581.8,5031.2,5577.0,70496.0,5588.0,5596.0,,71232.0,5590.2,,20231107,1202805440.0,0,09:30:57,6149.2,1077
20231107,5582.6,,,,,2,0,0,0,0,1116809.25069,5581.6,,,,,6,0,0,0,0,,,CFFEX,,5589.6,IC2311,5581.6,5031.2,5577.0,70493.0,5588.0,5596.0,,71232.0,5590.2,,20231107,1207270800.0,500,09:30:57,6149.2,1081
20231107,5582.6,,,,,2,0,0,0,0,1116807.89668,5581.6,,,,,4,0,0,0,0,,,CFFEX,,5589.6,IC2311,5581.6,5031.2,5577.0,70495.0,5588.0,5596.0,,71232.0,5590.2,,20231107,1210619760.0,0,09:30:58,6149.2,1084
20231107,5582.6,,,,,2,0,0,0,0,1116806.69733,5582.4,,,,,1,0,0,0,0,,,CFFEX,,5589.6,IC2311,5582.4,5031.2,5577.0,70495.0,5588.0,5596.0,,71232.0,5590.2,,20231107,1213968880.0,500,09:30:58,6149.2,1087
20231107,5582.2,,,,,1,0,0,0,0,1116806.09734,5581.6,,,,,3,0,0,0,0,,,CFFEX,,5589.6,IC2311,5582.4,5031.2,5577.0,70493.0,5588.0,5596.0,,71232.0,5590.2,,20231107,1216201840.0,0,09:30:59,6149.2,1089
20231107,5581.6,,,,,1,0,0,0,0,1116803.32117,5581.4,,,,,2,0,0,0,0,,,CFFEX,,5589.6,IC2311,5581.6,5031.2,5577.0,70490.0,5588.0,5596.0,,71232.0,5590.2,,20231107,1224016440.0,500,09:30:59,6149.2,1096
20231107,5582.4,,,,,2,0,0,0,0,1116802.88058,5582.0,,,,,1,0,0,0,0,,,CFFEX,,5589.6,IC2311,5581.6,5031.2,5577.0,70489.0,5588.0,5596.0,,71232.0,5590.2,,20231107,1225132760.0,0,09:31:00,6149.2,1097
20231107,5581.6,,,,,23,0,0,0,0,1116799.20362,5581.2,,,,,1,0,0,0,0,,,CFFEX,,5589.6,IC2311,5581.2,5031.2,5577.0,70485.0,5588.0,5596.0,,71232.0,5590.2,,20231107,1234063120.0,500,09:31:00,6149.2,1105
20231107,5581.6,,,,,23,0,0,0,0,1116797.18665,5580.2,,,,,3,0,0,0,0,,,CFFEX,,5589.6,IC2311,5581.6,5031.2,5577.0,70482.0,5588.0,5596.0,,71232.0,5590.2,,20231107,1238528080.0,0,09:31:01,6149.2,1109
20231107,5581.2,,,,,1,0,0,0,0,1116796.75676,5580.4,,,,,7,0,0,0,0,,,CFFEX,,5589.6,IC2311,5581.6,5031.2,5577.0,70481.0,5588.0,5596.0,,71232.0,5590.2,,20231107,1239644400.0,500,09:31:01,6149.2,1110
20231107,5580.8,,,,,2,0,0,0,0,1116795.89928,5580.6,,,,,2,0,0,0,0,,,CFFEX,,5589.6,IC2311,5581.6,5031.2,5577.0,70480.0,5588.0,5596.0,,71232.0,5590.2,,20231107,1241877040.0,0,09:31:02,6149.2,1112
20231107,5580.8,,,,,18,0,0,0,0,1116786.8206,5580.0,,,,,1,0,0,0,0,,,CFFEX,,5589.6,IC2311,5580.4,5031.2,5577.0,70471.0,5588.0,5596.0,,71232.0,5590.2,,20231107,1257501960.0,500,09:31:02,6149.2,1126
20231107,5580.4,,,,,2,0,0,0,0,1116784.72985,5580.0,,,,,1,0,0,0,0,,,CFFEX,,5589.6,IC2311,5580.0,5031.2,5577.0,70471.0,5588.0,5596.0,,71232.0,5590.2,,20231107,1260849960.0,0,09:31:03,6149.2,1129
20231107,5580.0,,,,,3,0,0,0,0,1116781.78288,5578.8,,,,,1,0,0,0,0,,,CFFEX,,5589.6,IC2311,5579.8,5031.2,5577.0,70468.0,5588.0,5596.0,,71232.0,5590.2,,20231107,1265313760.0,500,09:31:03,6149.2,1133
20231107,5580.0,,,,,19,0,0,0,0,1116777.2432,5578.4,,,,,3,0,0,0,0,,,CFFEX,,5589.6,IC2311,5580.0,5031.2,5577.0,70464.0,5588.0,5596.0,,71232.0,5590.2,,20231107,1272009280.0,0,09:31:04,6149.2,1139
20231107,5579.8,,,,,3,0,0,0,0,1116770.32258,5578.4,,,,,4,0,0,0,0,,,CFFEX,,5589.6,IC2311,5578.6,5031.2,5577.0,70467.0,5588.0,5596.0,,71232.0,5590.2,,20231107,1280935560.0,500,09:31:04,6149.2,1147
20231107,5578.8,,,,,3,0,0,0,0,1116768.84247,5578.6,,,,,1,0,0,0,0,,,CFFEX,,5589.6,IC2311,5579.6,5031.2,5577.0,70466.0,5588.0,5596.0,,71232.0,5590.2,,20231107,1283167400.0,0,09:31:05,6149.2,1149
20231107,5578.8,,,,,18,0,0,0,0,1116761.69404,5578.4,,,,,1,0,0,0,0,,,CFFEX,,5589.6,IC2311,5578.6,5031.2,5577.0,70460.0,5588.0,5596.0,,71232.0,5590.2,,20231107,1292093280.0,500,09:31:05,6149.2,1157
20231107,5578.8,,,,,15,0,0,0,0,1116756.38865,5578.4,,,,,2,0,0,0,0,,,CFFEX,,5589.6,IC2311,5578.4,5031.2,5577.0,70457.0,5588.0,5596.0,,71232.0,5590.2,,20231107,1298787680.0,0,09:31:06,6149.2,1163
20231107,5578.4,,,,,2,0,0,0,0,1116739.23922,5578.0,,,,,1,0,0,0,0,,,CFFEX,,5589.6,IC2311,5578.8,5031.2,5577.0,70456.0,5588.0,5596.0,,71232.0,5590.2,,20231107,1321102520.0,500,09:31:06,6149.2,1183
20231107,5579.4,,,,,2,0,0,0,0,1116733.96131,5578.6,,,,,1,0,0,0,0,,,CFFEX,,5589.6,IC2311,5578.4,5031.2,5577.0,70450.0,5588.0,5596.0,,71232.0,5590.2,,20231107,1327796680.0,0,09:31:07,6149.2,1189
20231107,5579.4,,,,,2,0,0,0,0,1116729.37238,5578.8,,,,,1,0,0,0,0,,,CFFEX,,5589.6,IC2311,5578.6,5031.2,5577.0,70450.0,5588.0,5596.0,,71232.0,5590.2,,20231107,1334491600.0,500,09:31:07,6149.2,1195
20231107,5578.8,,,,,1,0,0,0,0,1116727.14524,5578.6,,,,,1,0,0,0,0,,,CFFEX,,5589.6,IC2311,5578.8,5031.2,5577.0,70448.0,5588.0,5596.0,,71232.0,5590.2,,20231107,1337839120.0,0,09:31:08,6149.2,1198
20231107,5579.2,,,,,1,0,0,0,0,1116723.39152,5578.8,,,,,1,0,0,0,0,,,CFFEX,,5589.6,IC2311,5579.6,5031.2,5577.0,70445.0,5588.0,5596.0,,71232.0,5590.2,,20231107,1343418240.0,500,09:31:08,6149.2,1203
20231107,5580.0,,,,,3,0,0,0,0,1116720.39768,5579.2,,,,,9,0,0,0,0,,,CFFEX,,5589.6,IC2311,5579.2,5031.2,5577.0,70442.0,5588.0,5596.0,,71232.0,5590.2,,20231107,1347881520.0,0,09:31:09,6149.2,1207
20231107,5580.0,,,,,3,0,0,0,0,1116718.21488,5579.4,,,,,4,0,0,0,0,,,CFFEX,,5589.6,IC2311,5579.2,5031.2,5577.0,70440.0,5588.0,5596.0,,71232.0,5590.2,,20231107,1351229040.0,500,09:31:09,6149.2,1210
20231107,5580.4,,,,,1,0,0,0,0,1116715.78254,5580.2,,,,,1,0,0,0,0,,,CFFEX,,5589.6,IC2311,5580.0,5031.2,5577.0,70437.0,5588.0,5596.0,,71232.0,5590.2,,20231107,1355692960.0,0,09:31:10,6149.2,1214
20231107,5581.4,,,,,1,0,0,0,0,1116711.78396,5580.4,,,,,2,0,0,0,0,,,CFFEX,,5589.6,IC2311,5580.4,5031.2,5577.0,70429.0,5588.0,5596.0,,71232.0,5590.2,,20231107,1364621800.0,500,09:31:10,6149.2,1222
20231107,5581.4,,,,,6,0,0,0,0,1116710.4,5580.6,,,,,1,0,0,0,0,,,CFFEX,,5589.6,IC2311,5581.4,5031.2,5577.0,70427.0,5588.0,5596.0,,71232.0,5590.2,,20231107,1367970240.0,0,09:31:11,6149.2,1225
20231107,5581.4,,,,,6,0,0,0,0,1116708.3252,5580.6,,,,,1,0,0,0,0,,,CFFEX,,5589.6,IC2311,5580.6,5031.2,5577.0,70422.0,5588.0,5596.0,,71232.0,5590.2,,20231107,1373551240.0,500,09:31:11,6149.2,1230
20231107,5581.4,,,,,1,0,0,0,0,1116705.13732,5580.4,,,,,3,0,0,0,0,,,CFFEX,,5589.6,IC2311,5580.4,5031.2,5577.0,70416.0,5588.0,5596.0,,71232.0,5590.2,,20231107,1382480960.0,0,09:31:12,6149.2,1238
20231107,5581.4,,,,,1,0,0,0,0,1116704.12903,5581.0,,,,,1,0,0,0,0,,,CFFEX,,5589.6,IC2311,5580.4,5031.2,5577.0,70415.0,5588.0,5596.0,,71232.0,5590.2,,20231107,1384713120.0,500,09:31:12,6149.2,1240
20231107,5582.2,,,,,2,0,0,0,0,1116697.89809,5580.4,,,,,3,0,0,0,0,,,CFFEX,,5589.6,IC2311,5581.4,5031.2,5577.0,70401.0,5588.0,5596.0,,71232.0,5590.2,,20231107,1402572560.0,0,09:31:13,6149.2,1256
20231107,5581.8,,,,,2,0,0,0,0,1116696.91574,5580.6,,,,,1,0,0,0,0,,,CFFEX,,5589.6,IC2311,5580.4,5031.2,5577.0,70401.0,5588.0,5596.0,,71232.0,5590.2,,20231107,1404804720.0,500,09:31:13,6149.2,1258
20231107,5581.6,,,,,7,0,0,0,0,1116696.45751,5581.2,,,,,2,0,0,0,0,,,CFFEX,,5589.6,IC2311,5580.6,5031.2,5577.0,70400.0,5588.0,5596.0,,71232.0,5590.2,,20231107,1405920840.0,0,09:31:14,6149.2,1259
20231107,5580.6,,,,,1,0,0,0,0,1116694.55696,5580.4,,,,,2,0,0,0,0,,,CFFEX,,5589.6,IC2311,5581.2,5031.2,5577.0,70398.0,5588.0,5596.0,,71232.0,5590.2,,20231107,1411501920.0,500,09:31:14,6149.2,1264
20231107,5580.6,,,,,2,0,0,0,0,1116693.13339,5580.2,,,,,1,0,0,0,0,,,CFFEX,,5589.6,IC2311,5580.6,5031.2,5577.0,70395.0,5588.0,5596.0,,71232.0,5590.2,,20231107,1414850200.0,0,09:31:15,6149.2,1267
20231107,5580.6,,,,,2,0,0,0,0,1116691.14083,5580.2,,,,,1,0,0,0,0,,,CFFEX,,5589.6,IC2311,5580.6,5031.2,5577.0,70393.0,5588.0,5596.0,,71232.0,5590.2,,20231107,1419314440.0,500,09:31:15,6149.2,1271
20231107,5580.6,,,,,2,0,0,0,0,1116690.66038,5580.2,,,,,1,0,0,0,0,,,CFFEX,,5589.6,IC2311,5580.4,5031.2,5577.0,70392.0,5588.0,5596.0,,71232.0,5590.2,,20231107,1420430520.0,0,09:31:16,6149.2,1272
20231107,5580.6,,,,,2,0,0,0,0,1116689.67033,5580.2,,,,,1,0,0,0,0,,,CFFEX,,5589.6,IC2311,5580.4,5031.2,5577.0,70390.0,5588.0,5596.0,,71232.0,5590.2,,20231107,1422662640.0,500,09:31:16,6149.2,1274
20231107,5581.0,,,,,1,0,0,0,0,1116688.77743,5580.6,,,,,2,0,0,0,0,,,CFFEX,,5589.6,IC2311,5580.6,5031.2,5577.0,70390.0,5588.0,5596.0,,71232.0,5590.2,,20231107,1424894880.0,0,09:31:17,6149.2,1276
20231107,5581.2,,,,,1,0,0,0,0,1116687.59969,5580.6,,,,,2,0,0,0,0,,,CFFEX,,5589.6,IC2311,5581.2,5031.2,5577.0,70387.0,5588.0,5596.0,,71232.0,5590.2,,20231107,1428243440.0,500,09:31:17,6149.2,1279
20231107,5581.6,,,,,2,0,0,0,0,1116685.13619,5580.2,,,,,1,0,0,0,0,,,CFFEX,,5589.6,IC2311,5580.6,5031.2,5577.0,70383.0,5588.0,5596.0,,71232.0,5590.2,,20231107,1434940400.0,0,09:31:18,6149.2,1285
20231107,5581.6,,,,,1,0,0,0,0,1116684.1958,5580.6,,,,,1,0,0,0,0,,,CFFEX,,5589.6,IC2311,5580.4,5031.2,5577.0,70382.0,5588.0,5596.0,,71232.0,5590.2,,20231107,1437172560.0,500,09:31:18,6149.2,1287
20231107,5581.4,,,,,8,0,0,0,0,1116684.1958,5580.6,,,,,1,0,0,0,0,,,CFFEX,,5589.6,IC2311,5580.4,5031.2,5577.0,70382.0,5588.0,5596.0,,71232.0,5590.2,,20231107,1437172560.0,0,09:31:19,6149.2,1287
20231107,5581.2,,,,,6,0,0,0,0,1116682.72657,5580.2,,,,,1,0,0,0,0,,,CFFEX,,5589.6,IC2311,5581.2,5031.2,5577.0,70384.0,5588.0,5596.0,,71232.0,5590.2,,20231107,1441637400.0,500,09:31:19,6149.2,1291
20231107,5581.0,,,,,1,0,0,0,0,1116682.72657,5580.2,,,,,3,0,0,0,0,,,CFFEX,,5589.6,IC2311,5581.2,5031.2,5577.0,70384.0,5588.0,5596.0,,71232.0,5590.2,,20231107,1441637400.0,0,09:31:20,6149.2,1291
20231107,5581.0,,,,,1,0,0,0,0,1116681.42195,5580.2,,,,,3,0,0,0,0,,,CFFEX,,5589.6,IC2311,5581.0,5031.2,5577.0,70384.0,5588.0,5596.0,,71232.0,5590.2,,20231107,1444985760.0,500,09:31:20,6149.2,1294
20231107,5580.8,,,,,4,0,0,0,0,1116679.41448,5580.0,,,,,3,0,0,0,0,,,CFFEX,,5589.6,IC2311,5580.0,5031.2,5577.0,70382.0,5588.0,5596.0,,71232.0,5590.2,,20231107,1449449880.0,0,09:31:21,6149.2,1298
20231107,5580.2,,,,,2,0,0,0,0,1116677.84781,5579.4,,,,,3,0,0,0,0,,,CFFEX,,5589.6,IC2311,5580.0,5031.2,5577.0,70379.0,5588.0,5596.0,,71232.0,5590.2,,20231107,1452797880.0,500,09:31:21,6149.2,1301
20231107,5580.0,,,,,1,0,0,0,0,1116677.84781,5579.4,,,,,3,0,0,0,0,,,CFFEX,,5589.6,IC2311,5580.0,5031.2,5577.0,70379.0,5588.0,5596.0,,71232.0,5590.2,,20231107,1452797880.0,0,09:31:22,6149.2,1301
20231107,5580.2,,,,,2,0,0,0,0,1116677.84781,5579.4,,,,,3,0,0,0,0,,,CFFEX,,5589.6,IC2311,5580.0,5031.2,5577.0,70379.0,5588.0,5596.0,,71232.0,5590.2,,20231107,1452797880.0,0,09:31:23,6149.2,1301
20231107,5579.6,,,,,1,0,0,0,0,1116676.62318,5579.4,,,,,5,0,0,0,0,,,CFFEX,,5589.6,IC2311,5579.4,5031.2,5577.0,70379.0,5588.0,5596.0,,71232.0,5590.2,,20231107,1455029640.0,500,09:31:23,6149.2,1303
20231107,5580.2,,,,,2,0,0,0,0,1116675.4636,5579.6,,,,,1,0,0,0,0,,,CFFEX,,5589.6,IC2311,5579.6,5031.2,5577.0,70378.0,5588.0,5596.0,,71232.0,5590.2,,20231107,1457261480.0,0,09:31:24,6149.2,1305
20231107,5580.2,,,,,3,0,0,0,0,1116674.85452,5579.4,,,,,3,0,0,0,0,,,CFFEX,,5589.6,IC2311,5579.4,5031.2,5577.0,70378.0,5588.0,5596.0,,71232.0,5590.2,,20231107,1458377360.0,500,09:31:24,6149.2,1306
20231107,5580.2,,,,,3,0,0,0,0,1116674.85452,5579.6,,,,,2,0,0,0,0,,,CFFEX,,5589.6,IC2311,5579.4,5031.2,5577.0,70378.0,5588.0,5596.0,,71232.0,5590.2,,20231107,1458377360.0,0,09:31:25,6149.2,1306
20231107,5580.2,,,,,3,0,0,0,0,1116673.09396,5579.2,,,,,9,0,0,0,0,,,CFFEX,,5589.6,IC2311,5579.8,5031.2,5577.0,70376.0,5588.0,5596.0,,71232.0,5590.2,,20231107,1461725080.0,500,09:31:25,6149.2,1309
20231107,5580.0,,,,,2,0,0,0,0,1116673.09396,5579.4,,,,,1,0,0,0,0,,,CFFEX,,5589.6,IC2311,5579.8,5031.2,5577.0,70376.0,5588.0,5596.0,,71232.0,5590.2,,20231107,1461725080.0,0,09:31:26,6149.2,1309
20231107,5580.0,,,,,3,0,0,0,0,1116672.48855,5579.2,,,,,10,0,0,0,0,,,CFFEX,,5589.6,IC2311,5579.4,5031.2,5577.0,70375.0,5588.0,5596.0,,71232.0,5590.2,,20231107,1462840960.0,500,09:31:26,6149.2,1310
20231107,5580.0,,,,,3,0,0,0,0,1116671.21951,5579.2,,,,,7,0,0,0,0,,,CFFEX,,5589.6,IC2311,5579.2,5031.2,5577.0,70373.0,5588.0,5596.0,,71232.0,5590.2,,20231107,1465072640.0,500,09:31:27,6149.2,1312
20231107,5580.0,,,,,4,0,0,0,0,1116670.58644,5579.2,,,,,7,0,0,0,0,,,CFFEX,,5589.6,IC2311,5579.2,5031.2,5577.0,70372.0,5588.0,5596.0,,71232.0,5590.2,,20231107,1466188480.0,0,09:31:28,6149.2,1313
20231107,5580.0,,,,,4,0,0,0,0,1116669.95434,5579.2,,,,,6,0,0,0,0,,,CFFEX,,5589.6,IC2311,5579.2,5031.2,5577.0,70371.0,5588.0,5596.0,,71232.0,5590.2,,20231107,1467304320.0,0,09:31:29,6149.2,1314
20231107,5580.0,,,,,4,0,0,0,0,1116669.95434,5579.2,,,,,7,0,0,0,0,,,CFFEX,,5589.6,IC2311,5579.2,5031.2,5577.0,70371.0,5588.0,5596.0,,71232.0,5590.2,,20231107,1467304320.0,500,09:31:29,6149.2,1314
20231107,5580.0,,,,,4,0,0,0,0,1116669.32319,5579.2,,,,,6,0,0,0,0,,,CFFEX,,5589.6,IC2311,5579.2,5031.2,5577.0,70370.0,5588.0,5596.0,,71232.0,5590.2,,20231107,1468420160.0,0,09:31:30,6149.2,1315
20231107,5580.0,,,,,5,0,0,0,0,1116668.81459,5579.2,,,,,6,0,0,0,0,,,CFFEX,,5589.6,IC2311,5580.0,5031.2,5577.0,70369.0,5588.0,5596.0,,71232.0,5590.2,,20231107,1469536160.0,500,09:31:30,6149.2,1316
20231107,5580.0,,,,,6,0,0,0,0,1116667.6783,5579.6,,,,,1,0,0,0,0,,,CFFEX,,5589.6,IC2311,5580.0,5031.2,5577.0,70367.0,5588.0,5596.0,,71232.0,5590.2,,20231107,1471768000.0,0,09:31:31,6149.2,1318
20231107,5579.8,,,,,1,0,0,0,0,1116667.11145,5579.6,,,,,1,0,0,0,0,,,CFFEX,,5589.6,IC2311,5579.6,5031.2,5577.0,70366.0,5588.0,5596.0,,71232.0,5590.2,,20231107,1472883920.0,500,09:31:31,6149.2,1319
20231107,5579.8,,,,,6,0,0,0,0,1116665.91976,5579.2,,,,,4,0,0,0,0,,,CFFEX,,5589.6,IC2311,5579.2,5031.2,5577.0,70365.0,5588.0,5596.0,,71232.0,5590.2,,20231107,1475115680.0,0,09:31:32,6149.2,1321
20231107,5579.8,,,,,5,0,0,0,0,1116661.06847,5579.0,,,,,1,0,0,0,0,,,CFFEX,,5589.6,IC2311,5579.8,5031.2,5577.0,70359.0,5588.0,5596.0,,71232.0,5590.2,,20231107,1484042560.0,500,09:31:32,6149.2,1329
20231107,5579.8,,,,,5,0,0,0,0,1116659.77461,5578.4,,,,,1,0,0,0,0,,,CFFEX,,5589.6,IC2311,5579.0,5031.2,5577.0,70358.0,5588.0,5596.0,,71232.0,5590.2,,20231107,1486274160.0,500,09:31:33,6149.2,1331
20231107,5579.4,,,,,1,0,0,0,0,1116659.21922,5578.4,,,,,2,0,0,0,0,,,CFFEX,,5589.6,IC2311,5579.6,5031.2,5577.0,70358.0,5588.0,5596.0,,71232.0,5590.2,,20231107,1487390080.0,0,09:31:34,6149.2,1332
20231107,5579.2,,,,,1,0,0,0,0,1116659.21922,5578.4,,,,,3,0,0,0,0,,,CFFEX,,5589.6,IC2311,5579.6,5031.2,5577.0,70358.0,5588.0,5596.0,,71232.0,5590.2,,20231107,1487390080.0,500,09:31:34,6149.2,1332
20231107,5579.2,,,,,1,0,0,0,0,1116658.60465,5578.4,,,,,3,0,0,0,0,,,CFFEX,,5589.6,IC2311,5579.2,5031.2,5577.0,70358.0,5588.0,5596.0,,71232.0,5590.2,,20231107,1488505920.0,0,09:31:35,6149.2,1333
20231107,5578.8,,,,,1,0,0,0,0,1116657.13858,5578.4,,,,,3,0,0,0,0,,,CFFEX,,5589.6,IC2311,5578.4,5031.2,5577.0,70356.0,5588.0,5596.0,,71232.0,5590.2,,20231107,1490737280.0,500,09:31:35,6149.2,1335
20231107,5578.8,,,,,1,0,0,0,0,1116656.46707,5578.4,,,,,3,0,0,0,0,,,CFFEX,,5589.6,IC2311,5578.8,5031.2,5577.0,70355.0,5588.0,5596.0,,71232.0,5590.2,,20231107,1491853040.0,0,09:31:36,6149.2,1336
20231107,5578.8,,,,,1,0,0,0,0,1116652.76659,5577.2,,,,,3,0,0,0,0,,,CFFEX,,5589.6,IC2311,5578.0,5031.2,5577.0,70355.0,5588.0,5596.0,,71232.0,5590.2,,20231107,1497431360.0,500,09:31:36,6149.2,1341
20231107,5579.4,,,,,1,0,0,0,0,1116651.28816,5577.4,,,,,3,0,0,0,0,,,CFFEX,,5589.6,IC2311,5577.8,5031.2,5577.0,70353.0,5588.0,5596.0,,71232.0,5590.2,,20231107,1499662680.0,0,09:31:37,6149.2,1343
20231107,5579.8,,,,,3,0,0,0,0,1116649.87361,5578.0,,,,,2,0,0,0,0,,,CFFEX,,5589.6,IC2311,5579.4,5031.2,5577.0,70351.0,5588.0,5596.0,,71232.0,5590.2,,20231107,1501894080.0,500,09:31:37,6149.2,1345
20231107,5579.6,,,,,4,0,0,0,0,1116647.9822,5578.0,,,,,2,0,0,0,0,,,CFFEX,,5589.6,IC2311,5578.2,5031.2,5577.0,70349.0,5588.0,5596.0,,71232.0,5590.2,,20231107,1505241480.0,0,09:31:38,6149.2,1348
20231107,5579.4,,,,,4,0,0,0,0,1116647.38325,5578.0,,,,,2,0,0,0,0,,,CFFEX,,5589.6,IC2311,5579.2,5031.2,5577.0,70349.0,5588.0,5596.0,,71232.0,5590.2,,20231107,1506357320.0,500,09:31:38,6149.2,1349
20231107,5579.2,,,,,5,0,0,0,0,1116647.38325,5578.4,,,,,1,0,0,0,0,,,CFFEX,,5589.6,IC2311,5579.2,5031.2,5577.0,70349.0,5588.0,5596.0,,71232.0,5590.2,,20231107,1506357320.0,0,09:31:39,6149.2,1349
20231107,5579.0,,,,,1,0,0,0,0,1116645.89193,5578.0,,,,,1,0,0,0,0,,,CFFEX,,5589.6,IC2311,5578.0,5031.2,5577.0,70347.0,5588.0,5596.0,,71232.0,5590.2,,20231107,1508588600.0,500,09:31:39,6149.2,1351
20231107,5579.0,,,,,1,0,0,0,0,1116645.89193,5578.0,,,,,2,0,0,0,0,,,CFFEX,,5589.6,IC2311,5578.0,5031.2,5577.0,70347.0,5588.0,5596.0,,71232.0,5590.2,,20231107,1508588600.0,0,09:31:40,6149.2,1351
20231107,5579.0,,,,,9,0,0,0,0,1116645.89193,5578.0,,,,,3,0,0,0,0,,,CFFEX,,5589.6,IC2311,5578.0,5031.2,5577.0,70347.0,5588.0,5596.0,,71232.0,5590.2,,20231107,1508588600.0,500,09:31:40,6149.2,1351
20231107,5579.0,,,,,11,0,0,0,0,1116645.23669,5578.0,,,,,3,0,0,0,0,,,CFFEX,,5589.6,IC2311,5578.8,5031.2,5577.0,70347.0,5588.0,5596.0,,71232.0,5590.2,,20231107,1509704360.0,0,09:31:41,6149.2,1352
20231107,5579.0,,,,,6,0,0,0,0,1116642.12233,5578.0,,,,,3,0,0,0,0,,,CFFEX,,5589.6,IC2311,5579.0,5031.2,5577.0,70345.0,5588.0,5596.0,,71232.0,5590.2,,20231107,1515283360.0,500,09:31:41,6149.2,1357
20231107,5579.0,,,,,5,0,0,0,0,1116641.50221,5578.2,,,,,1,0,0,0,0,,,CFFEX,,5589.6,IC2311,5579.0,5031.2,5577.0,70346.0,5588.0,5596.0,,71232.0,5590.2,,20231107,1516399160.0,0,09:31:42,6149.2,1358
20231107,5579.0,,,,,4,0,0,0,0,1116640.23529,5578.2,,,,,1,0,0,0,0,,,CFFEX,,5589.6,IC2311,5579.0,5031.2,5577.0,70345.0,5588.0,5596.0,,71232.0,5590.2,,20231107,1518630720.0,500,09:31:42,6149.2,1360
20231107,5579.0,,,,,2,0,0,0,0,1116636.95238,5578.0,,,,,3,0,0,0,0,,,CFFEX,,5589.6,IC2311,5578.2,5031.2,5577.0,70340.0,5588.0,5596.0,,71232.0,5590.2,,20231107,1524209440.0,0,09:31:43,6149.2,1365
20231107,5579.0,,,,,2,0,0,0,0,1116636.22255,5578.2,,,,,2,0,0,0,0,,,CFFEX,,5589.6,IC2311,5578.2,5031.2,5577.0,70339.0,5588.0,5596.0,,71232.0,5590.2,,20231107,1525325080.0,500,09:31:43,6149.2,1366
20231107,5579.0,,,,,2,0,0,0,0,1116636.22255,5578.4,,,,,1,0,0,0,0,,,CFFEX,,5589.6,IC2311,5578.2,5031.2,5577.0,70339.0,5588.0,5596.0,,71232.0,5590.2,,20231107,1525325080.0,0,09:31:44,6149.2,1366
20231107,5579.2,,,,,1,0,0,0,0,1116635.0,5578.4,,,,,1,0,0,0,0,,,CFFEX,,5589.6,IC2311,5579.0,5031.2,5577.0,70338.0,5588.0,5596.0,,71232.0,5590.2,,20231107,1527556680.0,500,09:31:44,6149.2,1368
20231107,5579.2,,,,,1,0,0,0,0,1116635.0,5578.6,,,,,1,0,0,0,0,,,CFFEX,,5589.6,IC2311,5579.0,5031.2,5577.0,70338.0,5588.0,5596.0,,71232.0,5590.2,,20231107,1527556680.0,0,09:31:45,6149.2,1368
20231107,5579.6,,,,,1,0,0,0,0,1116634.33163,5578.4,,,,,1,0,0,0,0,,,CFFEX,,5589.6,IC2311,5578.6,5031.2,5577.0,70337.0,5588.0,5596.0,,71232.0,5590.2,,20231107,1528672400.0,500,09:31:45,6149.2,1369
20231107,5579.4,,,,,6,0,0,0,0,1116634.33163,5579.2,,,,,1,0,0,0,0,,,CFFEX,,5589.6,IC2311,5578.6,5031.2,5577.0,70337.0,5588.0,5596.0,,71232.0,5590.2,,20231107,1528672400.0,0,09:31:46,6149.2,1369
20231107,5578.6,,,,,2,0,0,0,0,1116633.75182,5578.4,,,,,1,0,0,0,0,,,CFFEX,,5589.6,IC2311,5579.2,5031.2,5577.0,70336.0,5588.0,5596.0,,71232.0,5590.2,,20231107,1529788240.0,500,09:31:46,6149.2,1370
20231107,5579.2,,,,,4,0,0,0,0,1116633.75182,5578.6,,,,,2,0,0,0,0,,,CFFEX,,5589.6,IC2311,5579.2,5031.2,5577.0,70336.0,5588.0,5596.0,,71232.0,5590.2,,20231107,1529788240.0,0,09:31:47,6149.2,1370
20231107,5579.2,,,,,3,0,0,0,0,1116632.53644,5578.6,,,,,2,0,0,0,0,,,CFFEX,,5589.6,IC2311,5579.2,5031.2,5577.0,70334.0,5588.0,5596.0,,71232.0,5590.2,,20231107,1532019840.0,500,09:31:47,6149.2,1372
20231107,5579.2,,,,,3,0,0,0,0,1116631.20815,5578.6,,,,,1,0,0,0,0,,,CFFEX,,5589.6,IC2311,5578.6,5031.2,5577.0,70332.0,5588.0,5596.0,,71232.0,5590.2,,20231107,1534251280.0,0,09:31:48,6149.2,1374
20231107,5579.2,,,,,2,0,0,0,0,1116629.36819,5578.6,,,,,3,0,0,0,0,,,CFFEX,,5589.6,IC2311,5579.2,5031.2,5577.0,70330.0,5588.0,5596.0,,71232.0,5590.2,,20231107,1537598640.0,500,09:31:48,6149.2,1377
20231107,5579.2,,,,,3,0,0,0,0,1116629.36819,5578.8,,,,,1,0,0,0,0,,,CFFEX,,5589.6,IC2311,5579.2,5031.2,5577.0,70330.0,5588.0,5596.0,,71232.0,5590.2,,20231107,1537598640.0,0,09:31:49,6149.2,1377
20231107,5579.0,,,,,1,0,0,0,0,1116629.36819,5578.8,,,,,2,0,0,0,0,,,CFFEX,,5589.6,IC2311,5579.2,5031.2,5577.0,70330.0,5588.0,5596.0,,71232.0,5590.2,,20231107,1537598640.0,0,09:31:50,6149.2,1377
20231107,5579.2,,,,,4,0,0,0,0,1116624.31769,5578.0,,,,,3,0,0,0,0,,,CFFEX,,5589.6,IC2311,5578.6,5031.2,5577.0,70327.0,5588.0,5596.0,,71232.0,5590.2,,20231107,1546524680.0,500,09:31:50,6149.2,1385
20231107,5578.4,,,,,2,0,0,0,0,1116623.6075,5578.0,,,,,5,0,0,0,0,,,CFFEX,,5589.6,IC2311,5578.2,5031.2,5577.0,70326.0,5588.0,5596.0,,71232.0,5590.2,,20231107,1547640320.0,0,09:31:51,6149.2,1386
20231107,5579.2,,,,,2,0,0,0,0,1116622.24784,5578.6,,,,,1,0,0,0,0,,,CFFEX,,5589.6,IC2311,5578.4,5031.2,5577.0,70324.0,5588.0,5596.0,,71232.0,5590.2,,20231107,1549871680.0,500,09:31:51,6149.2,1388
20231107,5579.2,,,,,2,0,0,0,0,1116621.56947,5578.2,,,,,1,0,0,0,0,,,CFFEX,,5589.6,IC2311,5578.4,5031.2,5577.0,70323.0,5588.0,5596.0,,71232.0,5590.2,,20231107,1550987360.0,0,09:31:52,6149.2,1389
20231107,5579.2,,,,,2,0,0,0,0,1116620.86331,5579.0,,,,,2,0,0,0,0,,,CFFEX,,5589.6,IC2311,5578.2,5031.2,5577.0,70323.0,5588.0,5596.0,,71232.0,5590.2,,20231107,1552103000.0,500,09:31:52,6149.2,1390
20231107,5579.0,,,,,1,0,0,0,0,1116619.09548,5578.4,,,,,4,0,0,0,0,,,CFFEX,,5589.6,IC2311,5579.0,5031.2,5577.0,70320.0,5588.0,5596.0,,71232.0,5590.2,,20231107,1555450400.0,0,09:31:53,6149.2,1393
20231107,5579.0,,,,,1,0,0,0,0,1116616.16595,5578.4,,,,,4,0,0,0,0,,,CFFEX,,5589.6,IC2311,5579.2,5031.2,5577.0,70317.0,5588.0,5596.0,,71232.0,5590.2,,20231107,1561029400.0,500,09:31:53,6149.2,1398
20231107,5579.8,,,,,3,0,0,0,0,1116613.83738,5579.4,,,,,1,0,0,0,0,,,CFFEX,,5589.6,IC2311,5579.0,5031.2,5577.0,70313.0,5588.0,5596.0,,71232.0,5590.2,,20231107,1565492600.0,0,09:31:54,6149.2,1402
20231107,5579.4,,,,,1,0,0,0,0,1116612.38434,5579.0,,,,,2,0,0,0,0,,,CFFEX,,5589.6,IC2311,5579.8,5031.2,5577.0,70310.0,5588.0,5596.0,,71232.0,5590.2,,20231107,1568840400.0,500,09:31:54,6149.2,1405
20231107,5579.8,,,,,1,0,0,0,0,1116610.76705,5579.0,,,,,2,0,0,0,0,,,CFFEX,,5589.6,IC2311,5579.0,5031.2,5577.0,70307.0,5588.0,5596.0,,71232.0,5590.2,,20231107,1572187960.0,0,09:31:55,6149.2,1408
20231107,5579.8,,,,,1,0,0,0,0,1116610.76705,5579.2,,,,,1,0,0,0,0,,,CFFEX,,5589.6,IC2311,5579.0,5031.2,5577.0,70307.0,5588.0,5596.0,,71232.0,5590.2,,20231107,1572187960.0,500,09:31:55,6149.2,1408
20231107,5579.8,,,,,1,0,0,0,0,1116610.76705,5579.2,,,,,2,0,0,0,0,,,CFFEX,,5589.6,IC2311,5579.0,5031.2,5577.0,70307.0,5588.0,5596.0,,71232.0,5590.2,,20231107,1572187960.0,0,09:31:56,6149.2,1408
20231107,5580.0,,,,,2,0,0,0,0,1116609.24167,5579.2,,,,,2,0,0,0,0,,,CFFEX,,5589.6,IC2311,5579.2,5031.2,5577.0,70304.0,5588.0,5596.0,,71232.0,5590.2,,20231107,1575535640.0,500,09:31:56,6149.2,1411
20231107,5580.2,,,,,2,0,0,0,0,1116608.37933,5580.0,,,,,1,0,0,0,0,,,CFFEX,,5589.6,IC2311,5580.0,5031.2,5577.0,70302.0,5588.0,5596.0,,71232.0,5590.2,,20231107,1577767640.0,500,09:31:57,6149.2,1413
20231107,5580.8,,,,,1,0,0,0,0,1116604.92611,5579.0,,,,,3,0,0,0,0,,,CFFEX,,5589.6,IC2311,5579.2,5031.2,5577.0,70300.0,5588.0,5596.0,,71232.0,5590.2,,20231107,1586695600.0,0,09:31:58,6149.2,1421
20231107,5581.0,,,,,1,0,0,0,0,1116604.61322,5579.2,,,,,9,0,0,0,0,,,CFFEX,,5589.6,IC2311,5580.8,5031.2,5577.0,70299.0,5588.0,5596.0,,71232.0,5590.2,,20231107,1587811760.0,500,09:31:58,6149.2,1422
20231107,5582.0,,,,,5,0,0,0,0,1116604.32888,5579.4,,,,,5,0,0,0,0,,,CFFEX,,5589.6,IC2311,5581.0,5031.2,5577.0,70299.0,5588.0,5596.0,,71232.0,5590.2,,20231107,1588927960.0,0,09:31:59,6149.2,1423
20231107,5581.8,,,,,10,0,0,0,0,1116602.57884,5579.6,,,,,2,0,0,0,0,,,CFFEX,,5589.6,IC2311,5579.6,5031.2,5577.0,70298.0,5588.0,5596.0,,71232.0,5590.2,,20231107,1593391880.0,500,09:31:59,6149.2,1427
20231107,5581.6,,,,,6,0,0,0,0,1116601.14685,5579.6,,,,,3,0,0,0,0,,,CFFEX,,5589.6,IC2311,5579.6,5031.2,5577.0,70298.0,5588.0,5596.0,,71232.0,5590.2,,20231107,1596739640.0,0,09:32:00,6149.2,1430
20231107,5579.6,,,,,1,0,0,0,0,1116599.19107,5579.4,,,,,2,0,0,0,0,,,CFFEX,,5589.6,IC2311,5579.4,5031.2,5577.0,70296.0,5588.0,5596.0,,71232.0,5590.2,,20231107,1601203240.0,500,09:32:00,6149.2,1434
20231107,5580.0,,,,,1,0,0,0,0,1116598.71777,5579.8,,,,,1,0,0,0,0,,,CFFEX,,5589.6,IC2311,5579.6,5031.2,5577.0,70295.0,5588.0,5596.0,,71232.0,5590.2,,20231107,1602319160.0,0,09:32:01,6149.2,1435
20231107,5581.2,,,,,1,0,0,0,0,1116597.41307,5580.0,,,,,2,0,0,0,0,,,CFFEX,,5589.6,IC2311,5580.0,5031.2,5577.0,70293.0,5588.0,5596.0,,71232.0,5590.2,,20231107,1605667080.0,500,09:32:01,6149.2,1438
20231107,5579.8,,,,,3,0,0,0,0,1116595.67268,5579.2,,,,,2,0,0,0,0,,,CFFEX,,5589.6,IC2311,5579.4,5031.2,5577.0,70291.0,5588.0,5596.0,,71232.0,5590.2,,20231107,1610130960.0,0,09:32:02,6149.2,1442
20231107,5581.0,,,,,8,0,0,0,0,1116592.46377,5579.8,,,,,1,0,0,0,0,,,CFFEX,,5589.6,IC2311,5579.8,5031.2,5577.0,70288.0,5588.0,5596.0,,71232.0,5590.2,,20231107,1617942480.0,500,09:32:02,6149.2,1449
20231107,5580.8,,,,,1,0,0,0,0,1116591.40496,5579.8,,,,,1,0,0,0,0,,,CFFEX,,5589.6,IC2311,5580.8,5031.2,5577.0,70286.0,5588.0,5596.0,,71232.0,5590.2,,20231107,1621290720.0,0,09:32:03,6149.2,1452
20231107,5580.8,,,,,2,0,0,0,0,1116590.70151,5580.0,,,,,3,0,0,0,0,,,CFFEX,,5589.6,IC2311,5580.0,5031.2,5577.0,70286.0,5588.0,5596.0,,71232.0,5590.2,,20231107,1623522880.0,500,09:32:03,6149.2,1454
20231107,5579.8,,,,,3,0,0,0,0,1116587.45902,5579.2,,,,,3,0,0,0,0,,,CFFEX,,5589.6,IC2311,5579.8,5031.2,5577.0,70276.0,5588.0,5596.0,,71232.0,5590.2,,20231107,1634684040.0,0,09:32:04,6149.2,1464
20231107,5581.2,,,,,2,0,0,0,0,1116586.17587,5580.4,,,,,2,0,0,0,0,,,CFFEX,,5589.6,IC2311,5579.8,5031.2,5577.0,70274.0,5588.0,5596.0,,71232.0,5590.2,,20231107,1638031920.0,500,09:32:04,6149.2,1467
20231107,5582.2,,,,,2,0,0,0,0,1116585.24457,5581.4,,,,,4,0,0,0,0,,,CFFEX,,5589.6,IC2311,5581.8,5031.2,5577.0,70271.0,5588.0,5596.0,,71232.0,5590.2,,20231107,1643613480.0,0,09:32:05,6149.2,1472
20231107,5583.0,,,,,3,0,0,0,0,1116585.04749,5582.8,,,,,3,0,0,0,0,,,CFFEX,,5589.6,IC2311,5582.2,5031.2,5577.0,70269.0,5588.0,5596.0,,71232.0,5590.2,,20231107,1645846360.0,500,09:32:05,6149.2,1474
20231107,5582.4,,,,,1,0,0,0,0,1116584.9697,5582.2,,,,,1,0,0,0,0,,,CFFEX,,5589.6,IC2311,5583.0,5031.2,5577.0,70258.0,5588.0,5596.0,,71232.0,5590.2,,20231107,1658128680.0,0,09:32:06,6149.2,1485
20231107,5582.8,,,,,2,0,0,0,0,1116584.34899,5581.4,,,,,1,0,0,0,0,,,CFFEX,,5589.6,IC2311,5582.2,5031.2,5577.0,70254.0,5588.0,5596.0,,71232.0,5590.2,,20231107,1663710680.0,500,09:32:06,6149.2,1490
20231107,5582.6,,,,,3,0,0,0,0,1116583.84461,5581.4,,,,,2,0,0,0,0,,,CFFEX,,5589.6,IC2311,5581.6,5031.2,5577.0,70252.0,5588.0,5596.0,,71232.0,5590.2,,20231107,1667059680.0,0,09:32:07,6149.2,1493
20231107,5581.4,,,,,2,0,0,0,0,1116583.31551,5581.2,,,,,1,0,0,0,0,,,CFFEX,,5589.6,IC2311,5581.6,5031.2,5577.0,70251.0,5588.0,5596.0,,71232.0,5590.2,,20231107,1670408640.0,500,09:32:07,6149.2,1496
20231107,5581.2,,,,,2,0,0,0,0,1116581.87625,5580.8,,,,,1,0,0,0,0,,,CFFEX,,5589.6,IC2311,5581.4,5031.2,5577.0,70247.0,5588.0,5596.0,,71232.0,5590.2,,20231107,1678222560.0,0,09:32:08,6149.2,1503
20231107,5582.4,,,,,2,0,0,0,0,1116580.8361,5580.0,,,,,1,0,0,0,0,,,CFFEX,,5589.6,IC2311,5581.0,5031.2,5577.0,70245.0,5588.0,5596.0,,71232.0,5590.2,,20231107,1682687320.0,500,09:32:08,6149.2,1507
20231107,5581.6,,,,,1,0,0,0,0,1116576.48453,5579.4,,,,,3,0,0,0,0,,,CFFEX,,5589.6,IC2311,5580.0,5031.2,5577.0,70237.0,5588.0,5596.0,,71232.0,5590.2,,20231107,1696079680.0,0,09:32:09,6149.2,1519
20231107,5581.0,,,,,1,0,0,0,0,1116576.48453,5579.6,,,,,5,0,0,0,0,,,CFFEX,,5589.6,IC2311,5580.0,5031.2,5577.0,70237.0,5588.0,5596.0,,71232.0,5590.2,,20231107,1696079680.0,500,09:32:09,6149.2,1519
20231107,5580.4,,,,,1,0,0,0,0,1116576.48453,5579.6,,,,,3,0,0,0,0,,,CFFEX,,5589.6,IC2311,5580.0,5031.2,5577.0,70237.0,5588.0,5596.0,,71232.0,5590.2,,20231107,1696079680.0,0,09:32:10,6149.2,1519
20231107,5580.8,,,,,2,0,0,0,0,1116575.7265,5579.6,,,,,3,0,0,0,0,,,CFFEX,,5589.6,IC2311,5580.0,5031.2,5577.0,70235.0,5588.0,5596.0,,71232.0,5590.2,,20231107,1698311680.0,500,09:32:10,6149.2,1521
20231107,5580.6,,,,,2,0,0,0,0,1116575.32194,5579.6,,,,,4,0,0,0,0,,,CFFEX,,5589.6,IC2311,5579.8,5031.2,5577.0,70235.0,5588.0,5596.0,,71232.0,5590.2,,20231107,1699427640.0,0,09:32:11,6149.2,1522
20231107,5580.4,,,,,2,0,0,0,0,1116575.32194,5579.6,,,,,2,0,0,0,0,,,CFFEX,,5589.6,IC2311,5579.8,5031.2,5577.0,70235.0,5588.0,5596.0,,71232.0,5590.2,,20231107,1699427640.0,500,09:32:11,6149.2,1522
20231107,5580.4,,,,,1,0,0,0,0,1116574.89166,5579.6,,,,,1,0,0,0,0,,,CFFEX,,5589.6,IC2311,5579.6,5031.2,5577.0,70234.0,5588.0,5596.0,,71232.0,5590.2,,20231107,1700543560.0,0,09:32:12,6149.2,1523
20231107,5580.2,,,,,2,0,0,0,0,1116574.46194,5579.4,,,,,2,0,0,0,0,,,CFFEX,,5589.6,IC2311,5579.6,5031.2,5577.0,70234.0,5588.0,5596.0,,71232.0,5590.2,,20231107,1701659480.0,500,09:32:12,6149.2,1524
20231107,5580.2,,,,,3,0,0,0,0,1116573.14997,5579.4,,,,,1,0,0,0,0,,,CFFEX,,5589.6,IC2311,5580.0,5031.2,5577.0,70234.0,5588.0,5596.0,,71232.0,5590.2,,20231107,1705007200.0,0,09:32:13,6149.2,1527
20231107,5580.2,,,,,4,0,0,0,0,1116570.72407,5578.6,,,,,3,0,0,0,0,,,CFFEX,,5589.6,IC2311,5580.2,5031.2,5577.0,70230.0,5588.0,5596.0,,71232.0,5590.2,,20231107,1711702920.0,500,09:32:13,6149.2,1533
20231107,5580.2,,,,,4,0,0,0,0,1116569.34288,5579.0,,,,,1,0,0,0,0,,,CFFEX,,5589.6,IC2311,5580.2,5031.2,5577.0,70230.0,5588.0,5596.0,,71232.0,5590.2,,20231107,1716167080.0,0,09:32:14,6149.2,1537
20231107,5580.0,,,,,1,0,0,0,0,1116568.86866,5579.2,,,,,2,0,0,0,0,,,CFFEX,,5589.6,IC2311,5579.2,5031.2,5577.0,70230.0,5588.0,5596.0,,71232.0,5590.2,,20231107,1717282920.0,500,09:32:14,6149.2,1538
20231107,5579.8,,,,,4,0,0,0,0,1116568.39506,5578.4,,,,,3,0,0,0,0,,,CFFEX,,5589.6,IC2311,5579.2,5031.2,5577.0,70229.0,5588.0,5596.0,,71232.0,5590.2,,20231107,1718398760.0,0,09:32:15,6149.2,1539
20231107,5579.6,,,,,8,0,0,0,0,1116566.82231,5578.4,,,,,2,0,0,0,0,,,CFFEX,,5589.6,IC2311,5579.6,5031.2,5577.0,70227.0,5588.0,5596.0,,71232.0,5590.2,,20231107,1721746040.0,500,09:32:15,6149.2,1542
20231107,5579.4,,,,,8,0,0,0,0,1116566.82231,5579.0,,,,,2,0,0,0,0,,,CFFEX,,5589.6,IC2311,5579.6,5031.2,5577.0,70227.0,5588.0,5596.0,,71232.0,5590.2,,20231107,1721746040.0,0,09:32:16,6149.2,1542
20231107,5579.2,,,,,3,0,0,0,0,1116563.56589,5578.0,,,,,4,0,0,0,0,,,CFFEX,,5589.6,IC2311,5579.0,5031.2,5577.0,70221.0,5588.0,5596.0,,71232.0,5590.2,,20231107,1728440400.0,500,09:32:16,6149.2,1548
20231107,5579.0,,,,,1,0,0,0,0,1116563.56589,5578.2,,,,,2,0,0,0,0,,,CFFEX,,5589.6,IC2311,5579.0,5031.2,5577.0,70221.0,5588.0,5596.0,,71232.0,5590.2,,20231107,1728440400.0,0,09:32:17,6149.2,1548
20231107,5579.0,,,,,1,0,0,0,0,1116563.56589,5578.4,,,,,1,0,0,0,0,,,CFFEX,,5589.6,IC2311,5579.0,5031.2,5577.0,70221.0,5588.0,5596.0,,71232.0,5590.2,,20231107,1728440400.0,500,09:32:17,6149.2,1548
20231107,5579.0,,,,,2,0,0,0,0,1116562.52903,5578.6,,,,,1,0,0,0,0,,,CFFEX,,5589.6,IC2311,5578.6,5031.2,5577.0,70219.0,5588.0,5596.0,,71232.0,5590.2,,20231107,1730671920.0,0,09:32:18,6149.2,1550
20231107,5579.8,,,,,2,0,0,0,0,1116560.20579,5579.0,,,,,1,0,0,0,0,,,CFFEX,,5589.6,IC2311,5579.6,5031.2,5577.0,70214.0,5588.0,5596.0,,71232.0,5590.2,,20231107,1736251120.0,500,09:32:18,6149.2,1555
20231107,5581.4,,,,,1,0,0,0,0,1116559.02439,5579.2,,,,,4,0,0,0,0,,,CFFEX,,5589.6,IC2311,5579.4,5031.2,5577.0,70211.0,5588.0,5596.0,,71232.0,5590.2,,20231107,1739598960.0,0,09:32:19,6149.2,1558
20231107,5581.0,,,,,3,0,0,0,0,1116559.02439,5579.2,,,,,2,0,0,0,0,,,CFFEX,,5589.6,IC2311,5579.4,5031.2,5577.0,70211.0,5588.0,5596.0,,71232.0,5590.2,,20231107,1739598960.0,500,09:32:19,6149.2,1558
20231107,5580.8,,,,,11,0,0,0,0,1116558.56318,5579.2,,,,,1,0,0,0,0,,,CFFEX,,5589.6,IC2311,5579.2,5031.2,5577.0,70210.0,5588.0,5596.0,,71232.0,5590.2,,20231107,1740714800.0,0,09:32:20,6149.2,1559
20231107,5580.4,,,,,1,0,0,0,0,1116558.10256,5579.0,,,,,1,0,0,0,0,,,CFFEX,,5589.6,IC2311,5579.2,5031.2,5577.0,70210.0,5588.0,5596.0,,71232.0,5590.2,,20231107,1741830640.0,500,09:32:20,6149.2,1560
20231107,5580.2,,,,,3,0,0,0,0,1116557.64254,5579.0,,,,,6,0,0,0,0,,,CFFEX,,5589.6,IC2311,5579.2,5031.2,5577.0,70210.0,5588.0,5596.0,,71232.0,5590.2,,20231107,1742946480.0,0,09:32:21,6149.2,1561
20231107,5580.2,,,,,3,0,0,0,0,1116557.64254,5579.2,,,,,1,0,0,0,0,,,CFFEX,,5589.6,IC2311,5579.2,5031.2,5577.0,70210.0,5588.0,5596.0,,71232.0,5590.2,,20231107,1742946480.0,500,09:32:21,6149.2,1561
20231107,5580.2,,,,,1,0,0,0,0,1116557.1831,5579.2,,,,,1,0,0,0,0,,,CFFEX,,5589.6,IC2311,5579.2,5031.2,5577.0,70209.0,5588.0,5596.0,,71232.0,5590.2,,20231107,1744062320.0,0,09:32:22,6149.2,1562
20231107,5580.6,,,,,1,0,0,0,0,1116555.98722,5579.2,,,,,2,0,0,0,0,,,CFFEX,,5589.6,IC2311,5579.4,5031.2,5577.0,70207.0,5588.0,5596.0,,71232.0,5590.2,,20231107,1747410120.0,500,09:32:22,6149.2,1565
20231107,5580.4,,,,,2,0,0,0,0,1116555.98722,5579.2,,,,,2,0,0,0,0,,,CFFEX,,5589.6,IC2311,5579.4,5031.2,5577.0,70207.0,5588.0,5596.0,,71232.0,5590.2,,20231107,1747410120.0,0,09:32:23,6149.2,1565
20231107,5580.0,,,,,1,0,0,0,0,1116555.07339,5579.2,,,,,1,0,0,0,0,,,CFFEX,,5589.6,IC2311,5579.2,5031.2,5577.0,70206.0,5588.0,5596.0,,71232.0,5590.2,,20231107,1749641800.0,500,09:32:23,6149.2,1567
20231107,5579.8,,,,,2,0,0,0,0,1116554.13639,5579.0,,,,,3,0,0,0,0,,,CFFEX,,5589.6,IC2311,5579.0,5031.2,5577.0,70207.0,5588.0,5596.0,,71232.0,5590.2,,20231107,1751873440.0,0,09:32:24,6149.2,1569
20231107,5579.8,,,,,2,0,0,0,0,1116553.20178,5579.2,,,,,2,0,0,0,0,,,CFFEX,,5589.6,IC2311,5579.2,5031.2,5577.0,70205.0,5588.0,5596.0,,71232.0,5590.2,,20231107,1754105080.0,500,09:32:24,6149.2,1571
20231107,5579.8,,,,,2,0,0,0,0,1116551.84244,5579.0,,,,,3,0,0,0,0,,,CFFEX,,5589.6,IC2311,5579.2,5031.2,5577.0,70202.0,5588.0,5596.0,,71232.0,5590.2,,20231107,1757452600.0,0,09:32:25,6149.2,1574
20231107,5579.2,,,,,2,0,0,0,0,1116551.36508,5579.0,,,,,2,0,0,0,0,,,CFFEX,,5589.6,IC2311,5579.0,5031.2,5577.0,70201.0,5588.0,5596.0,,71232.0,5590.2,,20231107,1758568400.0,500,09:32:25,6149.2,1575
20231107,5579.8,,,,,2,0,0,0,0,1116550.4629,5579.0,,,,,2,0,0,0,0,,,CFFEX,,5589.6,IC2311,5579.2,5031.2,5577.0,70199.0,5588.0,5596.0,,71232.0,5590.2,,20231107,1760800080.0,0,09:32:26,6149.2,1577
20231107,5579.0,,,,,1,0,0,0,0,1116549.03797,5578.8,,,,,1,0,0,0,0,,,CFFEX,,5589.6,IC2311,5579.0,5031.2,5577.0,70199.0,5588.0,5596.0,,71232.0,5590.2,,20231107,1764147480.0,500,09:32:26,6149.2,1580
20231107,5579.6,,,,,1,0,0,0,0,1116548.5642,5579.2,,,,,1,0,0,0,0,,,CFFEX,,5589.6,IC2311,5579.0,5031.2,5577.0,70198.0,5588.0,5596.0,,71232.0,5590.2,,20231107,1765263280.0,0,09:32:27,6149.2,1581
20231107,5579.6,,,,,1,0,0,0,0,1116548.09102,5579.0,,,,,2,0,0,0,0,,,CFFEX,,5589.6,IC2311,5579.0,5031.2,5577.0,70197.0,5588.0,5596.0,,71232.0,5590.2,,20231107,1766379080.0,0,09:32:28,6149.2,1582
20231107,5579.4,,,,,2,0,0,0,0,1116547.61845,5579.0,,,,,3,0,0,0,0,,,CFFEX,,5589.6,IC2311,5579.0,5031.2,5577.0,70196.0,5588.0,5596.0,,71232.0,5590.2,,20231107,1767494880.0,500,09:32:28,6149.2,1583
20231107,5579.6,,,,,1,0,0,0,0,1116547.61845,5579.0,,,,,3,0,0,0,0,,,CFFEX,,5589.6,IC2311,5579.0,5031.2,5577.0,70196.0,5588.0,5596.0,,71232.0,5590.2,,20231107,1767494880.0,0,09:32:29,6149.2,1583
20231107,5579.4,,,,,1,0,0,0,0,1116547.61845,5579.0,,,,,8,0,0,0,0,,,CFFEX,,5589.6,IC2311,5579.0,5031.2,5577.0,70196.0,5588.0,5596.0,,71232.0,5590.2,,20231107,1767494880.0,500,09:32:29,6149.2,1583
20231107,5579.4,,,,,1,0,0,0,0,1116547.14646,5579.2,,,,,1,0,0,0,0,,,CFFEX,,5589.6,IC2311,5579.0,5031.2,5577.0,70196.0,5588.0,5596.0,,71232.0,5590.2,,20231107,1768610680.0,0,09:32:30,6149.2,1584
20231107,5579.4,,,,,1,0,0,0,0,1116545.83491,5579.2,,,,,1,0,0,0,0,,,CFFEX,,5589.6,IC2311,5579.2,5031.2,5577.0,70194.0,5588.0,5596.0,,71232.0,5590.2,,20231107,1771958240.0,500,09:32:30,6149.2,1587
20231107,5579.4,,,,,4,0,0,0,0,1116544.11062,5579.2,,,,,2,0,0,0,0,,,CFFEX,,5589.6,IC2311,5579.4,5031.2,5577.0,70192.0,5588.0,5596.0,,71232.0,5590.2,,20231107,1776421680.0,0,09:32:31,6149.2,1591
20231107,5579.4,,,,,4,0,0,0,0,1116543.22662,5579.0,,,,,13,0,0,0,0,,,CFFEX,,5589.6,IC2311,5579.2,5031.2,5577.0,70190.0,5588.0,5596.0,,71232.0,5590.2,,20231107,1778653360.0,500,09:32:31,6149.2,1593
20231107,5579.6,,,,,1,0,0,0,0,1116533.49845,5578.6,,,,,1,0,0,0,0,,,CFFEX,,5589.6,IC2311,5579.4,5031.2,5577.0,70174.0,5588.0,5596.0,,71232.0,5590.2,,20231107,1803201600.0,0,09:32:32,6149.2,1615
20231107,5579.4,,,,,4,0,0,0,0,1116532.99505,5579.0,,,,,1,0,0,0,0,,,CFFEX,,5589.6,IC2311,5578.6,5031.2,5577.0,70173.0,5588.0,5596.0,,71232.0,5590.2,,20231107,1804317320.0,500,09:32:32,6149.2,1616
20231107,5579.2,,,,,1,0,0,0,0,1116532.54174,5579.0,,,,,1,0,0,0,0,,,CFFEX,,5589.6,IC2311,5579.0,5031.2,5577.0,70172.0,5588.0,5596.0,,71232.0,5590.2,,20231107,1805433120.0,0,09:32:33,6149.2,1617
20231107,5579.0,,,,,1,0,0,0,0,1116532.089,5578.4,,,,,5,0,0,0,0,,,CFFEX,,5589.6,IC2311,5579.0,5031.2,5577.0,70172.0,5588.0,5596.0,,71232.0,5590.2,,20231107,1806548920.0,500,09:32:33,6149.2,1618
20231107,5579.0,,,,,1,0,0,0,0,1116531.56269,5578.6,,,,,1,0,0,0,0,,,CFFEX,,5589.6,IC2311,5578.4,5031.2,5577.0,70173.0,5588.0,5596.0,,71232.0,5590.2,,20231107,1807664600.0,500,09:32:34,6149.2,1619
20231107,5579.0,,,,,1,0,0,0,0,1116531.03704,5578.4,,,,,4,0,0,0,0,,,CFFEX,,5589.6,IC2311,5578.4,5031.2,5577.0,70172.0,5588.0,5596.0,,71232.0,5590.2,,20231107,1808780280.0,0,09:32:35,6149.2,1620
20231107,5579.4,,,,,3,0,0,0,0,1116530.58606,5578.4,,,,,6,0,0,0,0,,,CFFEX,,5589.6,IC2311,5579.0,5031.2,5577.0,70171.0,5588.0,5596.0,,71232.0,5590.2,,20231107,1809896080.0,500,09:32:35,6149.2,1621
20231107,5579.6,,,,,1,0,0,0,0,1116530.58606,5579.4,,,,,1,0,0,0,0,,,CFFEX,,5589.6,IC2311,5579.0,5031.2,5577.0,70171.0,5588.0,5596.0,,71232.0,5590.2,,20231107,1809896080.0,0,09:32:36,6149.2,1621
20231107,5579.6,,,,,1,0,0,0,0,1116529.38424,5578.6,,,,,1,0,0,0,0,,,CFFEX,,5589.6,IC2311,5579.4,5031.2,5577.0,70169.0,5588.0,5596.0,,71232.0,5590.2,,20231107,1813243720.0,500,09:32:36,6149.2,1624
20231107,5580.6,,,,,1,0,0,0,0,1116529.00923,5579.2,,,,,1,0,0,0,0,,,CFFEX,,5589.6,IC2311,5579.6,5031.2,5577.0,70168.0,5588.0,5596.0,,71232.0,5590.2,,20231107,1814359640.0,0,09:32:37,6149.2,1625
20231107,5580.2,,,,,1,0,0,0,0,1116528.70849,5579.4,,,,,3,0,0,0,0,,,CFFEX,,5589.6,IC2311,5580.2,5031.2,5577.0,70169.0,5588.0,5596.0,,71232.0,5590.2,,20231107,1815475680.0,500,09:32:37,6149.2,1626
20231107,5580.4,,,,,4,0,0,0,0,1116528.70849,5579.4,,,,,3,0,0,0,0,,,CFFEX,,5589.6,IC2311,5580.2,5031.2,5577.0,70169.0,5588.0,5596.0,,71232.0,5590.2,,20231107,1815475680.0,0,09:32:38,6149.2,1626
20231107,5580.2,,,,,1,0,0,0,0,1116528.35894,5579.4,,,,,4,0,0,0,0,,,CFFEX,,5589.6,IC2311,5579.8,5031.2,5577.0,70168.0,5588.0,5596.0,,71232.0,5590.2,,20231107,1816591640.0,500,09:32:38,6149.2,1627
20231107,5580.2,,,,,1,0,0,0,0,1116528.00983,5579.6,,,,,2,0,0,0,0,,,CFFEX,,5589.6,IC2311,5579.8,5031.2,5577.0,70167.0,5588.0,5596.0,,71232.0,5590.2,,20231107,1817707600.0,0,09:32:39,6149.2,1628
20231107,5583.6,,,,,3,0,0,0,0,1116525.82524,5579.8,,,,,3,0,0,0,0,,,CFFEX,,5589.6,IC2311,5583.2,5031.2,5577.0,70149.0,5588.0,5596.0,,71232.0,5590.2,,20231107,1840034560.0,500,09:32:39,6149.2,1648
20231107,5582.6,,,,,4,0,0,0,0,1116525.74894,5580.6,,,,,2,0,0,0,0,,,CFFEX,,5589.6,IC2311,5582.0,5031.2,5577.0,70148.0,5588.0,5596.0,,71232.0,5590.2,,20231107,1841150960.0,0,09:32:40,6149.2,1649
20231107,5582.2,,,,,1,0,0,0,0,1116525.52727,5580.8,,,,,4,0,0,0,0,,,CFFEX,,5589.6,IC2311,5580.8,5031.2,5577.0,70147.0,5588.0,5596.0,,71232.0,5590.2,,20231107,1842267120.0,500,09:32:40,6149.2,1650
20231107,5581.8,,,,,1,0,0,0,0,1116525.52727,5580.8,,,,,2,0,0,0,0,,,CFFEX,,5589.6,IC2311,5580.8,5031.2,5577.0,70147.0,5588.0,5596.0,,71232.0,5590.2,,20231107,1842267120.0,0,09:32:41,6149.2,1650
20231107,5579.8,,,,,7,0,0,0,0,1116522.48193,5579.6,,,,,2,0,0,0,0,,,CFFEX,,5589.6,IC2311,5579.8,5031.2,5577.0,70140.0,5588.0,5596.0,,71232.0,5590.2,,20231107,1853427320.0,500,09:32:41,6149.2,1660
20231107,5581.4,,,,,5,0,0,0,0,1116519.92806,5579.8,,,,,7,0,0,0,0,,,CFFEX,,5589.6,IC2311,5581.0,5031.2,5577.0,70133.0,5588.0,5596.0,,71232.0,5590.2,,20231107,1862355240.0,0,09:32:42,6149.2,1668
20231107,5581.0,,,,,2,0,0,0,0,1116519.25749,5579.8,,,,,5,0,0,0,0,,,CFFEX,,5589.6,IC2311,5579.8,5031.2,5577.0,70132.0,5588.0,5596.0,,71232.0,5590.2,,20231107,1864587160.0,500,09:32:42,6149.2,1670
20231107,5580.6,,,,,1,0,0,0,0,1116518.66029,5579.8,,,,,4,0,0,0,0,,,CFFEX,,5589.6,IC2311,5580.4,5031.2,5577.0,70131.0,5588.0,5596.0,,71232.0,5590.2,,20231107,1866819200.0,0,09:32:43,6149.2,1672
20231107,5580.4,,,,,1,0,0,0,0,1116518.66029,5579.8,,,,,4,0,0,0,0,,,CFFEX,,5589.6,IC2311,5580.4,5031.2,5577.0,70131.0,5588.0,5596.0,,71232.0,5590.2,,20231107,1866819200.0,0,09:32:44,6149.2,1672
20231107,5580.2,,,,,1,0,0,0,0,1116516.75805,5579.2,,,,,1,0,0,0,0,,,CFFEX,,5589.6,IC2311,5579.8,5031.2,5577.0,70125.0,5588.0,5596.0,,71232.0,5590.2,,20231107,1873515120.0,500,09:32:44,6149.2,1678
20231107,5579.2,,,,,1,0,0,0,0,1116515.95238,5579.0,,,,,2,0,0,0,0,,,CFFEX,,5589.6,IC2311,5579.2,5031.2,5577.0,70123.0,5588.0,5596.0,,71232.0,5590.2,,20231107,1875746800.0,0,09:32:45,6149.2,1680
20231107,5579.8,,,,,3,0,0,0,0,1116514.41805,5579.2,,,,,1,0,0,0,0,,,CFFEX,,5589.6,IC2311,5579.4,5031.2,5577.0,70121.0,5588.0,5596.0,,71232.0,5590.2,,20231107,1880210280.0,500,09:32:45,6149.2,1684
20231107,5579.6,,,,,1,0,0,0,0,1116514.04154,5579.2,,,,,1,0,0,0,0,,,CFFEX,,5589.6,IC2311,5579.4,5031.2,5577.0,70121.0,5588.0,5596.0,,71232.0,5590.2,,20231107,1881326160.0,0,09:32:46,6149.2,1685
20231107,5579.6,,,,,1,0,0,0,0,1116513.64176,5579.0,,,,,3,0,0,0,0,,,CFFEX,,5589.6,IC2311,5579.2,5031.2,5577.0,70120.0,5588.0,5596.0,,71232.0,5590.2,,20231107,1882442000.0,500,09:32:46,6149.2,1686
20231107,5579.8,,,,,6,0,0,0,0,1116512.51628,5579.0,,,,,5,0,0,0,0,,,CFFEX,,5589.6,IC2311,5579.2,5031.2,5577.0,70119.0,5588.0,5596.0,,71232.0,5590.2,,20231107,1885789640.0,0,09:32:47,6149.2,1689
20231107,5579.8,,,,,1,0,0,0,0,1116510.53687,5579.0,,,,,6,0,0,0,0,,,CFFEX,,5589.6,IC2311,5579.8,5031.2,5577.0,70115.0,5588.0,5596.0,,71232.0,5590.2,,20231107,1892485360.0,500,09:32:47,6149.2,1695
20231107,5580.6,,,,,1,0,0,0,0,1116510.21226,5579.8,,,,,2,0,0,0,0,,,CFFEX,,5589.6,IC2311,5579.8,5031.2,5577.0,70115.0,5588.0,5596.0,,71232.0,5590.2,,20231107,1893601320.0,0,09:32:48,6149.2,1696
20231107,5580.4,,,,,1,0,0,0,0,1116509.70554,5580.2,,,,,1,0,0,0,0,,,CFFEX,,5589.6,IC2311,5580.0,5031.2,5577.0,70113.0,5588.0,5596.0,,71232.0,5590.2,,20231107,1895833480.0,500,09:32:48,6149.2,1698
20231107,5580.8,,,,,15,0,0,0,0,1116509.45262,5580.2,,,,,1,0,0,0,0,,,CFFEX,,5589.6,IC2311,5580.4,5031.2,5577.0,70112.0,5588.0,5596.0,,71232.0,5590.2,,20231107,1896949560.0,0,09:32:49,6149.2,1699
20231107,5580.8,,,,,15,0,0,0,0,1116509.45262,5580.2,,,,,2,0,0,0,0,,,CFFEX,,5589.6,IC2311,5580.4,5031.2,5577.0,70112.0,5588.0,5596.0,,71232.0,5590.2,,20231107,1896949560.0,500,09:32:49,6149.2,1699
20231107,5580.8,,,,,15,0,0,0,0,1116509.24706,5580.4,,,,,1,0,0,0,0,,,CFFEX,,5589.6,IC2311,5580.8,5031.2,5577.0,70111.0,5588.0,5596.0,,71232.0,5590.2,,20231107,1898065720.0,0,09:32:50,6149.2,1700
20231107,5581.4,,,,,1,0,0,0,0,1116505.58789,5580.8,,,,,1,0,0,0,0,,,CFFEX,,5589.6,IC2311,5580.8,5031.2,5577.0,70093.0,5588.0,5596.0,,71232.0,5590.2,,20231107,1918156600.0,500,09:32:50,6149.2,1718
20231107,5580.2,,,,,3,0,0,0,0,1116503.8934,5579.8,,,,,3,0,0,0,0,,,CFFEX,,5589.6,IC2311,5580.2,5031.2,5577.0,70087.0,5588.0,5596.0,,71232.0,5590.2,,20231107,1927085720.0,0,09:32:51,6149.2,1726
20231107,5581.4,,,,,3,0,0,0,0,1116502.95954,5580.8,,,,,2,0,0,0,0,,,CFFEX,,5589.6,IC2311,5581.4,5031.2,5577.0,70084.0,5588.0,5596.0,,71232.0,5590.2,,20231107,1931550120.0,500,09:32:51,6149.2,1730
20231107,5580.8,,,,,1,0,0,0,0,1116502.07373,5580.4,,,,,3,0,0,0,0,,,CFFEX,,5589.6,IC2311,5580.4,5031.2,5577.0,70081.0,5588.0,5596.0,,71232.0,5590.2,,20231107,1938247600.0,0,09:32:52,6149.2,1736
20231107,5580.2,,,,,8,0,0,0,0,1116500.10315,5580.0,,,,,4,0,0,0,0,,,CFFEX,,5589.6,IC2311,5580.2,5031.2,5577.0,70075.0,5588.0,5596.0,,71232.0,5590.2,,20231107,1948292680.0,500,09:32:52,6149.2,1745
20231107,5582.8,,,,,1,0,0,0,0,1116497.48148,5580.8,,,,,1,0,0,0,0,,,CFFEX,,5589.6,IC2311,5580.2,5031.2,5577.0,70066.0,5588.0,5596.0,,71232.0,5590.2,,20231107,1959453080.0,0,09:32:53,6149.2,1755
20231107,5582.2,,,,,1,0,0,0,0,1116497.18839,5580.8,,,,,3,0,0,0,0,,,CFFEX,,5589.6,IC2311,5581.6,5031.2,5577.0,70065.0,5588.0,5596.0,,71232.0,5590.2,,20231107,1961685560.0,500,09:32:53,6149.2,1757
20231107,5582.0,,,,,11,0,0,0,0,1116497.18839,5580.8,,,,,3,0,0,0,0,,,CFFEX,,5589.6,IC2311,5581.6,5031.2,5577.0,70065.0,5588.0,5596.0,,71232.0,5590.2,,20231107,1961685560.0,0,09:32:54,6149.2,1757
20231107,5581.8,,,,,8,0,0,0,0,1116496.99659,5580.8,,,,,3,0,0,0,0,,,CFFEX,,5589.6,IC2311,5580.8,5031.2,5577.0,70064.0,5588.0,5596.0,,71232.0,5590.2,,20231107,1962801720.0,500,09:32:54,6149.2,1758
20231107,5581.6,,,,,2,0,0,0,0,1116496.99659,5580.8,,,,,3,0,0,0,0,,,CFFEX,,5589.6,IC2311,5580.8,5031.2,5577.0,70064.0,5588.0,5596.0,,71232.0,5590.2,,20231107,1962801720.0,0,09:32:55,6149.2,1758
20231107,5580.2,,,,,10,0,0,0,0,1116495.85034,5580.0,,,,,1,0,0,0,0,,,CFFEX,,5589.6,IC2311,5580.2,5031.2,5577.0,70062.0,5588.0,5596.0,,71232.0,5590.2,,20231107,1969498680.0,500,09:32:55,6149.2,1764
20231107,5581.8,,,,,2,0,0,0,0,1116493.28072,5580.4,,,,,2,0,0,0,0,,,CFFEX,,5589.6,IC2311,5580.2,5031.2,5577.0,70053.0,5588.0,5596.0,,71232.0,5590.2,,20231107,1980659080.0,0,09:32:56,6149.2,1774
20231107,5581.4,,,,,1,0,0,0,0,1116493.04789,5580.4,,,,,1,0,0,0,0,,,CFFEX,,5589.6,IC2311,5580.4,5031.2,5577.0,70052.0,5588.0,5596.0,,71232.0,5590.2,,20231107,1981775160.0,500,09:32:56,6149.2,1775
20231107,5581.2,,,,,9,0,0,0,0,1116493.04789,5580.4,,,,,1,0,0,0,0,,,CFFEX,,5589.6,IC2311,5580.4,5031.2,5577.0,70052.0,5588.0,5596.0,,71232.0,5590.2,,20231107,1981775160.0,0,09:32:57,6149.2,1775
20231107,5581.2,,,,,7,0,0,0,0,1116492.58301,5580.0,,,,,3,0,0,0,0,,,CFFEX,,5589.6,IC2311,5580.4,5031.2,5577.0,70051.0,5588.0,5596.0,,71232.0,5590.2,,20231107,1984007320.0,500,09:32:57,6149.2,1777
20231107,5580.8,,,,,2,0,0,0,0,1116492.58301,5580.2,,,,,2,0,0,0,0,,,CFFEX,,5589.6,IC2311,5580.4,5031.2,5577.0,70051.0,5588.0,5596.0,,71232.0,5590.2,,20231107,1984007320.0,0,09:32:58,6149.2,1777
20231107,5580.8,,,,,1,0,0,0,0,1116492.16414,5580.4,,,,,1,0,0,0,0,,,CFFEX,,5589.6,IC2311,5580.8,5031.2,5577.0,70049.0,5588.0,5596.0,,71232.0,5590.2,,20231107,1986239560.0,500,09:32:58,6149.2,1779
20231107,5580.8,,,,,1,0,0,0,0,1116491.72375,5580.0,,,,,4,0,0,0,0,,,CFFEX,,5589.6,IC2311,5580.4,5031.2,5577.0,70047.0,5588.0,5596.0,,71232.0,5590.2,,20231107,1988471760.0,0,09:32:59,6149.2,1781
20231107,5580.6,,,,,1,0,0,0,0,1116491.44781,5580.0,,,,,4,0,0,0,0,,,CFFEX,,5589.6,IC2311,5580.0,5031.2,5577.0,70047.0,5588.0,5596.0,,71232.0,5590.2,,20231107,1989587760.0,500,09:32:59,6149.2,1782
20231107,5580.4,,,,,1,0,0,0,0,1116491.44781,5580.0,,,,,4,0,0,0,0,,,CFFEX,,5589.6,IC2311,5580.0,5031.2,5577.0,70047.0,5588.0,5596.0,,71232.0,5590.2,,20231107,1989587760.0,0,09:33:00,6149.2,1782
20231107,5580.6,,,,,1,0,0,0,0,1116490.18467,5580.0,,,,,4,0,0,0,0,,,CFFEX,,5589.6,IC2311,5580.6,5031.2,5577.0,70045.0,5588.0,5596.0,,71232.0,5590.2,,20231107,1995167960.0,500,09:33:00,6149.2,1787
20231107,5580.4,,,,,1,0,0,0,0,1116488.86161,5579.8,,,,,2,0,0,0,0,,,CFFEX,,5589.6,IC2311,5580.4,5031.2,5577.0,70042.0,5588.0,5596.0,,71232.0,5590.2,,20231107,2000748040.0,0,09:33:01,6149.2,1792
20231107,5580.2,,,,,3,0,0,0,0,1116488.27202,5579.8,,,,,1,0,0,0,0,,,CFFEX,,5589.6,IC2311,5579.8,5031.2,5577.0,70041.0,5588.0,5596.0,,71232.0,5590.2,,20231107,2002979960.0,500,09:33:01,6149.2,1794
20231107,5579.8,,,,,3,0,0,0,0,1116486.71484,5579.2,,,,,2,0,0,0,0,,,CFFEX,,5589.6,IC2311,5579.4,5031.2,5577.0,70038.0,5588.0,5596.0,,71232.0,5590.2,,20231107,2008559600.0,0,09:33:02,6149.2,1799
20231107,5580.2,,,,,5,0,0,0,0,1116485.88235,5579.0,,,,,3,0,0,0,0,,,CFFEX,,5589.6,IC2311,5579.8,5031.2,5577.0,70035.0,5588.0,5596.0,,71232.0,5590.2,,20231107,2011907560.0,500,09:33:02,6149.2,1802
20231107,5579.6,,,,,3,0,0,0,0,1116485.1663,5579.2,,,,,2,0,0,0,0,,,CFFEX,,5589.6,IC2311,5579.2,5031.2,5577.0,70033.0,5588.0,5596.0,,71232.0,5590.2,,20231107,2014139240.0,0,09:33:03,6149.2,1804
20231107,5579.4,,,,,4,0,0,0,0,1116484.11732,5579.0,,,,,3,0,0,0,0,,,CFFEX,,5589.6,IC2311,5579.0,5031.2,5577.0,70032.0,5588.0,5596.0,,71232.0,5590.2,,20231107,2017486800.0,500,09:33:03,6149.2,1807
20231107,5579.2,,,,,2,0,0,0,0,1116482.31788,5578.6,,,,,1,0,0,0,0,,,CFFEX,,5589.6,IC2311,5578.6,5031.2,5577.0,70027.0,5588.0,5596.0,,71232.0,5590.2,,20231107,2023065960.0,0,09:33:04,6149.2,1812
20231107,5579.0,,,,,2,0,0,0,0,1116480.92511,5578.6,,,,,5,0,0,0,0,,,CFFEX,,5589.6,IC2311,5579.4,5031.2,5577.0,70023.0,5588.0,5596.0,,71232.0,5590.2,,20231107,2027529360.0,500,09:33:04,6149.2,1816
20231107,5580.2,,,,,2,0,0,0,0,1116478.61766,5579.2,,,,,4,0,0,0,0,,,CFFEX,,5589.6,IC2311,5579.2,5031.2,5577.0,70018.0,5588.0,5596.0,,71232.0,5590.2,,20231107,2035340520.0,0,09:33:05,6149.2,1823
20231107,5580.4,,,,,7,0,0,0,0,1116475.4491,5579.4,,,,,4,0,0,0,0,,,CFFEX,,5589.6,IC2311,5580.4,5031.2,5577.0,70007.0,5588.0,5596.0,,71232.0,5590.2,,20231107,2050965400.0,500,09:33:05,6149.2,1837
20231107,5580.6,,,,,2,0,0,0,0,1116473.73442,5579.8,,,,,1,0,0,0,0,,,CFFEX,,5589.6,IC2311,5580.4,5031.2,5577.0,70000.0,5588.0,5596.0,,71232.0,5590.2,,20231107,2059894040.0,0,09:33:06,6149.2,1845
20231107,5581.0,,,,,1,0,0,0,0,1116472.77838,5580.0,,,,,6,0,0,0,0,,,CFFEX,,5589.6,IC2311,5580.2,5031.2,5577.0,69995.0,5588.0,5596.0,,71232.0,5590.2,,20231107,2065474640.0,500,09:33:06,6149.2,1850
20231107,5581.2,,,,,5,0,0,0,0,1116472.4838,5580.2,,,,,2,0,0,0,0,,,CFFEX,,5589.6,IC2311,5581.0,5031.2,5577.0,69994.0,5588.0,5596.0,,71232.0,5590.2,,20231107,2067707040.0,0,09:33:07,6149.2,1852
20231107,5580.8,,,,,1,0,0,0,0,1116472.35834,5580.4,,,,,3,0,0,0,0,,,CFFEX,,5589.6,IC2311,5581.2,5031.2,5577.0,69993.0,5588.0,5596.0,,71232.0,5590.2,,20231107,2068823280.0,500,09:33:07,6149.2,1853
20231107,5581.6,,,,,1,0,0,0,0,1116471.54384,5580.8,,,,,2,0,0,0,0,,,CFFEX,,5589.6,IC2311,5581.0,5031.2,5577.0,69987.0,5588.0,5596.0,,71232.0,5590.2,,20231107,2075520600.0,0,09:33:08,6149.2,1859
20231107,5582.6,,,,,2,0,0,0,0,1116471.46695,5581.8,,,,,2,0,0,0,0,,,CFFEX,,5589.6,IC2311,5582.4,5031.2,5577.0,69985.0,5588.0,5596.0,,71232.0,5590.2,,20231107,2077753400.0,500,09:33:08,6149.2,1861
20231107,5583.0,,,,,3,0,0,0,0,1116471.47295,5582.0,,,,,2,0,0,0,0,,,CFFEX,,5589.6,IC2311,5582.8,5031.2,5577.0,69982.0,5588.0,5596.0,,71232.0,5590.2,,20231107,2084452240.0,0,09:33:09,6149.2,1867
20231107,5582.8,,,,,1,0,0,0,0,1116471.47295,5582.2,,,,,4,0,0,0,0,,,CFFEX,,5589.6,IC2311,5582.8,5031.2,5577.0,69982.0,5588.0,5596.0,,71232.0,5590.2,,20231107,2084452240.0,500,09:33:09,6149.2,1867
20231107,5583.0,,,,,2,0,0,0,0,1116470.04775,5580.4,,,,,1,0,0,0,0,,,CFFEX,,5589.6,IC2311,5582.4,5031.2,5577.0,69968.0,5588.0,5596.0,,71232.0,5590.2,,20231107,2104546040.0,0,09:33:10,6149.2,1885
20231107,5582.8,,,,,3,0,0,0,0,1116470.05829,5581.4,,,,,1,0,0,0,0,,,CFFEX,,5589.6,IC2311,5582.4,5031.2,5577.0,69966.0,5588.0,5596.0,,71232.0,5590.2,,20231107,2106779000.0,500,09:33:10,6149.2,1887
20231107,5582.4,,,,,1,0,0,0,0,1116470.29598,5582.0,,,,,2,0,0,0,0,,,CFFEX,,5589.6,IC2311,5582.8,5031.2,5577.0,69967.0,5588.0,5596.0,,71232.0,5590.2,,20231107,2112361800.0,0,09:33:11,6149.2,1892
20231107,5583.0,,,,,1,0,0,0,0,1116470.36959,5582.6,,,,,3,0,0,0,0,,,CFFEX,,5589.6,IC2311,5583.0,5031.2,5577.0,69966.0,5588.0,5596.0,,71232.0,5590.2,,20231107,2114594880.0,500,09:33:11,6149.2,1894
20231107,5583.8,,,,,2,0,0,0,0,1116470.7109,5583.0,,,,,2,0,0,0,0,,,CFFEX,,5589.6,IC2311,5583.0,5031.2,5577.0,69963.0,5588.0,5596.0,,71232.0,5590.2,,20231107,2120177880.0,0,09:33:12,6149.2,1899
20231107,5583.6,,,,,11,0,0,0,0,1116471.18573,5582.0,,,,,3,0,0,0,0,,,CFFEX,,5589.6,IC2311,5583.0,5031.2,5577.0,69957.0,5588.0,5596.0,,71232.0,5590.2,,20231107,2127994080.0,500,09:33:12,6149.2,1906
20231107,5583.4,,,,,7,0,0,0,0,1116471.18573,5582.4,,,,,1,0,0,0,0,,,CFFEX,,5589.6,IC2311,5583.0,5031.2,5577.0,69957.0,5588.0,5596.0,,71232.0,5590.2,,20231107,2127994080.0,0,09:33:13,6149.2,1906
20231107,5583.2,,,,,7,0,0,0,0,1116471.30162,5582.0,,,,,2,0,0,0,0,,,CFFEX,,5589.6,IC2311,5582.0,5031.2,5577.0,69953.0,5588.0,5596.0,,71232.0,5590.2,,20231107,2135809600.0,500,09:33:13,6149.2,1913
20231107,5583.0,,,,,9,0,0,0,0,1116471.23173,5581.4,,,,,4,0,0,0,0,,,CFFEX,,5589.6,IC2311,5582.4,5031.2,5577.0,69951.0,5588.0,5596.0,,71232.0,5590.2,,20231107,2139158880.0,0,09:33:14,6149.2,1916
20231107,5582.8,,,,,10,0,0,0,0,1116471.23631,5581.6,,,,,1,0,0,0,0,,,CFFEX,,5589.6,IC2311,5582.4,5031.2,5577.0,69950.0,5588.0,5596.0,,71232.0,5590.2,,20231107,2140275360.0,500,09:33:14,6149.2,1917
20231107,5582.6,,,,,10,0,0,0,0,1116470.96304,5581.6,,,,,1,0,0,0,0,,,CFFEX,,5589.6,IC2311,5582.0,5031.2,5577.0,69947.0,5588.0,5596.0,,71232.0,5590.2,,20231107,2144740720.0,0,09:33:15,6149.2,1921
20231107,5581.6,,,,,3,0,0,0,0,1116470.8845,5580.6,,,,,1,0,0,0,0,,,CFFEX,,5589.6,IC2311,5581.6,5031.2,5577.0,69947.0,5588.0,5596.0,,71232.0,5590.2,,20231107,2145857040.0,500,09:33:15,6149.2,1922
20231107,5581.4,,,,,2,0,0,0,0,1116470.8845,5580.6,,,,,6,0,0,0,0,,,CFFEX,,5589.6,IC2311,5581.6,5031.2,5577.0,69947.0,5588.0,5596.0,,71232.0,5590.2,,20231107,2145857040.0,0,09:33:16,6149.2,1922
20231107,5581.2,,,,,1,0,0,0,0,1116470.51975,5580.6,,,,,2,0,0,0,0,,,CFFEX,,5589.6,IC2311,5580.6,5031.2,5577.0,69945.0,5588.0,5596.0,,71232.0,5590.2,,20231107,2148089280.0,500,09:33:16,6149.2,1924
20231107,5581.0,,,,,1,0,0,0,0,1116469.9533,5580.2,,,,,3,0,0,0,0,,,CFFEX,,5589.6,IC2311,5580.4,5031.2,5577.0,69945.0,5588.0,5596.0,,71232.0,5590.2,,20231107,2151437600.0,0,09:33:17,6149.2,1927
20231107,5581.0,,,,,1,0,0,0,0,1116469.66805,5579.2,,,,,5,0,0,0,0,,,CFFEX,,5589.6,IC2311,5579.6,5031.2,5577.0,69945.0,5588.0,5596.0,,71232.0,5590.2,,20231107,2152553520.0,500,09:33:17,6149.2,1928
20231107,5580.4,,,,,1,0,0,0,0,1116469.66805,5579.6,,,,,1,0,0,0,0,,,CFFEX,,5589.6,IC2311,5579.6,5031.2,5577.0,69945.0,5588.0,5596.0,,71232.0,5590.2,,20231107,2152553520.0,0,09:33:18,6149.2,1928
20231107,5580.8,,,,,10,0,0,0,0,1116469.16062,5579.4,,,,,3,0,0,0,0,,,CFFEX,,5589.6,IC2311,5579.4,5031.2,5577.0,69943.0,5588.0,5596.0,,71232.0,5590.2,,20231107,2154785480.0,500,09:33:18,6149.2,1930
20231107,5580.6,,,,,2,0,0,0,0,1116469.16062,5579.4,,,,,2,0,0,0,0,,,CFFEX,,5589.6,IC2311,5579.4,5031.2,5577.0,69943.0,5588.0,5596.0,,71232.0,5590.2,,20231107,2154785480.0,0,09:33:19,6149.2,1930
20231107,5580.8,,,,,2,0,0,0,0,1116468.79917,5579.6,,,,,3,0,0,0,0,,,CFFEX,,5589.6,IC2311,5580.6,5031.2,5577.0,69942.0,5588.0,5596.0,,71232.0,5590.2,,20231107,2157017720.0,500,09:33:19,6149.2,1932
20231107,5581.6,,,,,2,0,0,0,0,1116468.5212,5580.8,,,,,5,0,0,0,0,,,CFFEX,,5589.6,IC2311,5581.2,5031.2,5577.0,69941.0,5588.0,5596.0,,71232.0,5590.2,,20231107,2159250120.0,0,09:33:20,6149.2,1934
20231107,5581.6,,,,,1,0,0,0,0,1116468.30579,5580.8,,,,,6,0,0,0,0,,,CFFEX,,5589.6,IC2311,5581.0,5031.2,5577.0,69939.0,5588.0,5596.0,,71232.0,5590.2,,20231107,2161482640.0,500,09:33:20,6149.2,1936
20231107,5581.4,,,,,2,0,0,0,0,1116468.30579,5580.8,,,,,6,0,0,0,0,,,CFFEX,,5589.6,IC2311,5581.0,5031.2,5577.0,69939.0,5588.0,5596.0,,71232.0,5590.2,,20231107,2161482640.0,500,09:33:21,6149.2,1936
20231107,5581.2,,,,,1,0,0,0,0,1116466.57084,5579.8,,,,,5,0,0,0,0,,,CFFEX,,5589.6,IC2311,5580.8,5031.2,5577.0,69938.0,5588.0,5596.0,,71232.0,5590.2,,20231107,2174876880.0,0,09:33:22,6149.2,1948
20231107,5581.0,,,,,2,0,0,0,0,1116466.33145,5580.0,,,,,2,0,0,0,0,,,CFFEX,,5589.6,IC2311,5580.0,5031.2,5577.0,69937.0,5588.0,5596.0,,71232.0,5590.2,,20231107,2175992880.0,500,09:33:22,6149.2,1949
20231107,5581.0,,,,,2,0,0,0,0,1116466.33145,5580.8,,,,,1,0,0,0,0,,,CFFEX,,5589.6,IC2311,5580.0,5031.2,5577.0,69937.0,5588.0,5596.0,,71232.0,5590.2,,20231107,2175992880.0,0,09:33:23,6149.2,1949
20231107,5580.8,,,,,3,0,0,0,0,1116466.17436,5580.0,,,,,21,0,0,0,0,,,CFFEX,,5589.6,IC2311,5580.8,5031.2,5577.0,69937.0,5588.0,5596.0,,71232.0,5590.2,,20231107,2177109040.0,500,09:33:23,6149.2,1950
20231107,5580.8,,,,,2,0,0,0,0,1116466.17436,5580.2,,,,,4,0,0,0,0,,,CFFEX,,5589.6,IC2311,5580.8,5031.2,5577.0,69937.0,5588.0,5596.0,,71232.0,5590.2,,20231107,2177109040.0,0,09:33:24,6149.2,1950
20231107,5580.8,,,,,1,0,0,0,0,1116466.01743,5580.4,,,,,1,0,0,0,0,,,CFFEX,,5589.6,IC2311,5580.8,5031.2,5577.0,69936.0,5588.0,5596.0,,71232.0,5590.2,,20231107,2178225200.0,500,09:33:24,6149.2,1951
20231107,5581.0,,,,,1,0,0,0,0,1116465.86066,5580.8,,,,,2,0,0,0,0,,,CFFEX,,5589.6,IC2311,5580.8,5031.2,5577.0,69935.0,5588.0,5596.0,,71232.0,5590.2,,20231107,2179341360.0,0,09:33:25,6149.2,1952
20231107,5580.8,,,,,1,0,0,0,0,1116465.72453,5580.6,,,,,1,0,0,0,0,,,CFFEX,,5589.6,IC2311,5581.0,5031.2,5577.0,69934.0,5588.0,5596.0,,71232.0,5590.2,,20231107,2180457560.0,500,09:33:25,6149.2,1953
20231107,5581.6,,,,,1,0,0,0,0,1116465.41176,5580.8,,,,,1,0,0,0,0,,,CFFEX,,5589.6,IC2311,5580.8,5031.2,5577.0,69933.0,5588.0,5596.0,,71232.0,5590.2,,20231107,2182689880.0,0,09:33:26,6149.2,1955
20231107,5581.4,,,,,1,0,0,0,0,1116465.31697,5580.8,,,,,3,0,0,0,0,,,CFFEX,,5589.6,IC2311,5581.4,5031.2,5577.0,69933.0,5588.0,5596.0,,71232.0,5590.2,,20231107,2183806160.0,500,09:33:26,6149.2,1956
20231107,5582.0,,,,,1,0,0,0,0,1116464.84941,5580.8,,,,,2,0,0,0,0,,,CFFEX,,5589.6,IC2311,5580.8,5031.2,5577.0,69934.0,5588.0,5596.0,,71232.0,5590.2,,20231107,2187154640.0,0,09:33:27,6149.2,1959
20231107,5581.8,,,,,5,0,0,0,0,1116464.67347,5581.0,,,,,1,0,0,0,0,,,CFFEX,,5589.6,IC2311,5580.6,5031.2,5577.0,69933.0,5588.0,5596.0,,71232.0,5590.2,,20231107,2188270760.0,500,09:33:27,6149.2,1960
20231107,5581.0,,,,,2,0,0,0,0,1116464.5385,5580.4,,,,,1,0,0,0,0,,,CFFEX,,5589.6,IC2311,5581.0,5031.2,5577.0,69932.0,5588.0,5596.0,,71232.0,5590.2,,20231107,2189386960.0,0,09:33:28,6149.2,1961
20231107,5581.0,,,,,1,0,0,0,0,1116464.20785,5580.2,,,,,2,0,0,0,0,,,CFFEX,,5589.6,IC2311,5581.0,5031.2,5577.0,69931.0,5588.0,5596.0,,71232.0,5590.2,,20231107,2191619240.0,500,09:33:28,6149.2,1963
20231107,5580.8,,,,,1,0,0,0,0,1116463.99185,5580.0,,,,,20,0,0,0,0,,,CFFEX,,5589.6,IC2311,5580.2,5031.2,5577.0,69930.0,5588.0,5596.0,,71232.0,5590.2,,20231107,2192735280.0,0,09:33:29,6149.2,1964
20231107,5580.8,,,,,2,0,0,0,0,1116463.81679,5580.0,,,,,21,0,0,0,0,,,CFFEX,,5589.6,IC2311,5580.6,5031.2,5577.0,69930.0,5588.0,5596.0,,71232.0,5590.2,,20231107,2193851400.0,500,09:33:29,6149.2,1965
20231107,5581.0,,,,,1,0,0,0,0,1116463.37398,5580.8,,,,,1,0,0,0,0,,,CFFEX,,5589.6,IC2311,5581.0,5031.2,5577.0,69929.0,5588.0,5596.0,,71232.0,5590.2,,20231107,2197199920.0,0,09:33:30,6149.2,1968
20231107,5580.8,,,,,1,0,0,0,0,1116462.87164,5580.0,,,,,21,0,0,0,0,,,CFFEX,,5589.6,IC2311,5580.8,5031.2,5577.0,69927.0,5588.0,5596.0,,71232.0,5590.2,,20231107,2200548320.0,500,09:33:30,6149.2,1971
20231107,5580.8,,,,,2,0,0,0,0,1116462.87164,5580.2,,,,,1,0,0,0,0,,,CFFEX,,5589.6,IC2311,5580.8,5031.2,5577.0,69927.0,5588.0,5596.0,,71232.0,5590.2,,20231107,2200548320.0,0,09:33:31,6149.2,1971
20231107,5580.8,,,,,2,0,0,0,0,1116462.63692,5580.0,,,,,20,0,0,0,0,,,CFFEX,,5589.6,IC2311,5580.0,5031.2,5577.0,69927.0,5588.0,5596.0,,71232.0,5590.2,,20231107,2201664320.0,500,09:33:31,6149.2,1972
20231107,5580.4,,,,,2,0,0,0,0,1116462.40243,5580.0,,,,,19,0,0,0,0,,,CFFEX,,5589.6,IC2311,5580.0,5031.2,5577.0,69926.0,5588.0,5596.0,,71232.0,5590.2,,20231107,2202780320.0,0,09:33:32,6149.2,1973
20231107,5580.4,,,,,3,0,0,0,0,1116461.7004,5580.0,,,,,16,0,0,0,0,,,CFFEX,,5589.6,IC2311,5580.0,5031.2,5577.0,69923.0,5588.0,5596.0,,71232.0,5590.2,,20231107,2206128320.0,500,09:33:32,6149.2,1976
20231107,5580.4,,,,,3,0,0,0,0,1116461.46687,5580.0,,,,,15,0,0,0,0,,,CFFEX,,5589.6,IC2311,5580.0,5031.2,5577.0,69922.0,5588.0,5596.0,,71232.0,5590.2,,20231107,2207244320.0,0,09:33:33,6149.2,1977
20231107,5580.8,,,,,2,0,0,0,0,1116460.38345,5580.4,,,,,2,0,0,0,0,,,CFFEX,,5589.6,IC2311,5580.0,5031.2,5577.0,69921.0,5588.0,5596.0,,71232.0,5590.2,,20231107,2212824480.0,500,09:33:33,6149.2,1982
20231107,5580.8,,,,,2,0,0,0,0,1116460.38345,5580.4,,,,,1,0,0,0,0,,,CFFEX,,5589.6,IC2311,5580.0,5031.2,5577.0,69921.0,5588.0,5596.0,,71232.0,5590.2,,20231107,2212824480.0,0,09:33:34,6149.2,1982
20231107,5580.8,,,,,2,0,0,0,0,1116456.92539,5580.4,,,,,9,0,0,0,0,,,CFFEX,,5589.6,IC2311,5580.0,5031.2,5577.0,69909.0,5588.0,5596.0,,71232.0,5590.2,,20231107,2229564480.0,500,09:33:34,6149.2,1997
20231107,5580.8,,,,,3,0,0,0,0,1116456.004,5580.4,,,,,7,0,0,0,0,,,CFFEX,,5589.6,IC2311,5580.6,5031.2,5577.0,69908.0,5588.0,5596.0,,71232.0,5590.2,,20231107,2235144920.0,0,09:33:35,6149.2,2002
20231107,5580.6,,,,,1,0,0,0,0,1116455.06726,5580.4,,,,,4,0,0,0,0,,,CFFEX,,5589.6,IC2311,5580.4,5031.2,5577.0,69909.0,5588.0,5596.0,,71232.0,5590.2,,20231107,2240725320.0,500,09:33:35,6149.2,2007
20231107,5580.4,,,,,4,0,0,0,0,1116454.32123,5580.2,,,,,1,0,0,0,0,,,CFFEX,,5589.6,IC2311,5580.4,5031.2,5577.0,69909.0,5588.0,5596.0,,71232.0,5590.2,,20231107,2245189640.0,0,09:33:36,6149.2,2011
20231107,5580.2,,,,,2,0,0,0,0,1116454.11531,5579.2,,,,,4,0,0,0,0,,,CFFEX,,5589.6,IC2311,5580.2,5031.2,5577.0,69908.0,5588.0,5596.0,,71232.0,5590.2,,20231107,2246305680.0,500,09:33:36,6149.2,2012
20231107,5580.6,,,,,2,0,0,0,0,1116453.64449,5579.4,,,,,1,0,0,0,0,,,CFFEX,,5589.6,IC2311,5580.4,5031.2,5577.0,69908.0,5588.0,5596.0,,71232.0,5590.2,,20231107,2248537640.0,0,09:33:37,6149.2,2014
20231107,5580.4,,,,,1,0,0,0,0,1116453.0754,5579.2,,,,,4,0,0,0,0,,,CFFEX,,5589.6,IC2311,5579.4,5031.2,5577.0,69907.0,5588.0,5596.0,,71232.0,5590.2,,20231107,2250769400.0,500,09:33:37,6149.2,2016
20231107,5580.2,,,,,4,0,0,0,0,1116452.79127,5579.2,,,,,4,0,0,0,0,,,CFFEX,,5589.6,IC2311,5579.4,5031.2,5577.0,69906.0,5588.0,5596.0,,71232.0,5590.2,,20231107,2251885280.0,0,09:33:38,6149.2,2017
20231107,5580.0,,,,,21,0,0,0,0,1116451.25618,5579.0,,,,,1,0,0,0,0,,,CFFEX,,5589.6,IC2311,5579.0,5031.2,5577.0,69902.0,5588.0,5596.0,,71232.0,5590.2,,20231107,2257464440.0,0,09:33:39,6149.2,2022
20231107,5579.0,,,,,2,0,0,0,0,1116450.93426,5578.4,,,,,1,0,0,0,0,,,CFFEX,,5589.6,IC2311,5579.0,5031.2,5577.0,69901.0,5588.0,5596.0,,71232.0,5590.2,,20231107,2258580240.0,500,09:33:39,6149.2,2023
20231107,5578.8,,,,,2,0,0,0,0,1116450.93426,5578.4,,,,,1,0,0,0,0,,,CFFEX,,5589.6,IC2311,5579.0,5031.2,5577.0,69901.0,5588.0,5596.0,,71232.0,5590.2,,20231107,2258580240.0,0,09:33:40,6149.2,2023
20231107,5578.8,,,,,2,0,0,0,0,1116449.87167,5578.4,,,,,2,0,0,0,0,,,CFFEX,,5589.6,IC2311,5578.8,5031.2,5577.0,69901.0,5588.0,5596.0,,71232.0,5590.2,,20231107,2261927440.0,500,09:33:40,6149.2,2026
20231107,5579.0,,,,,11,0,0,0,0,1116449.11243,5578.0,,,,,5,0,0,0,0,,,CFFEX,,5589.6,IC2311,5578.4,5031.2,5577.0,69901.0,5588.0,5596.0,,71232.0,5590.2,,20231107,2264158800.0,0,09:33:41,6149.2,2028
20231107,5578.8,,,,,5,0,0,0,0,1116449.11243,5578.2,,,,,1,0,0,0,0,,,CFFEX,,5589.6,IC2311,5578.4,5031.2,5577.0,69901.0,5588.0,5596.0,,71232.0,5590.2,,20231107,2264158800.0,500,09:33:41,6149.2,2028
20231107,5578.4,,,,,1,0,0,0,0,1116448.37438,5578.0,,,,,5,0,0,0,0,,,CFFEX,,5589.6,IC2311,5578.8,5031.2,5577.0,69900.0,5588.0,5596.0,,71232.0,5590.2,,20231107,2266390200.0,0,09:33:42,6149.2,2030
20231107,5578.8,,,,,1,0,0,0,0,1116448.03545,5578.4,,,,,1,0,0,0,0,,,CFFEX,,5589.6,IC2311,5578.8,5031.2,5577.0,69899.0,5588.0,5596.0,,71232.0,5590.2,,20231107,2267505960.0,500,09:33:42,6149.2,2031
20231107,5578.6,,,,,1,0,0,0,0,1116448.03545,5578.4,,,,,2,0,0,0,0,,,CFFEX,,5589.6,IC2311,5578.8,5031.2,5577.0,69899.0,5588.0,5596.0,,71232.0,5590.2,,20231107,2267505960.0,0,09:33:43,6149.2,2031
20231107,5578.6,,,,,1,0,0,0,0,1116447.29956,5578.4,,,,,3,0,0,0,0,,,CFFEX,,5589.6,IC2311,5578.4,5031.2,5577.0,69897.0,5588.0,5596.0,,71232.0,5590.2,,20231107,2269737360.0,500,09:33:43,6149.2,2033
20231107,5578.6,,,,,2,0,0,0,0,1116446.92232,5578.4,,,,,2,0,0,0,0,,,CFFEX,,5589.6,IC2311,5578.4,5031.2,5577.0,69898.0,5588.0,5596.0,,71232.0,5590.2,,20231107,2270853040.0,0,09:33:44,6149.2,2034
20231107,5578.6,,,,,1,0,0,0,0,1116445.4367,5578.0,,,,,7,0,0,0,0,,,CFFEX,,5589.6,IC2311,5578.6,5031.2,5577.0,69897.0,5588.0,5596.0,,71232.0,5590.2,,20231107,2275315800.0,500,09:33:44,6149.2,2038
20231107,5579.0,,,,,11,0,0,0,0,1116445.08092,5578.0,,,,,9,0,0,0,0,,,CFFEX,,5589.6,IC2311,5578.6,5031.2,5577.0,69897.0,5588.0,5596.0,,71232.0,5590.2,,20231107,2276431520.0,0,09:33:45,6149.2,2039
20231107,5579.0,,,,,5,0,0,0,0,1116443.20939,5578.8,,,,,5,0,0,0,0,,,CFFEX,,5589.6,IC2311,5578.4,5031.2,5577.0,69892.0,5588.0,5596.0,,71232.0,5590.2,,20231107,2282009920.0,500,09:33:45,6149.2,2044
20231107,5579.0,,,,,2,0,0,0,0,1116439.4358,5578.8,,,,,4,0,0,0,0,,,CFFEX,,5589.6,IC2311,5578.8,5031.2,5577.0,69885.0,5588.0,5596.0,,71232.0,5590.2,,20231107,2295399480.0,0,09:33:46,6149.2,2056
20231107,5579.8,,,,,2,0,0,0,0,1116437.69156,5579.0,,,,,5,0,0,0,0,,,CFFEX,,5589.6,IC2311,5579.2,5031.2,5577.0,69882.0,5588.0,5596.0,,71232.0,5590.2,,20231107,2302094520.0,500,09:33:46,6149.2,2062
20231107,5579.8,,,,,1,0,0,0,0,1116437.18992,5579.0,,,,,10,0,0,0,0,,,CFFEX,,5589.6,IC2311,5579.6,5031.2,5577.0,69880.0,5588.0,5596.0,,71232.0,5590.2,,20231107,2304326360.0,0,09:33:47,6149.2,2064
20231107,5580.0,,,,,15,0,0,0,0,1116436.57309,5579.2,,,,,1,0,0,0,0,,,CFFEX,,5589.6,IC2311,5579.0,5031.2,5577.0,69878.0,5588.0,5596.0,,71232.0,5590.2,,20231107,2306557960.0,500,09:33:47,6149.2,2066
20231107,5579.8,,,,,5,0,0,0,0,1116436.28447,5579.0,,,,,6,0,0,0,0,,,CFFEX,,5589.6,IC2311,5579.2,5031.2,5577.0,69877.0,5588.0,5596.0,,71232.0,5590.2,,20231107,2307673800.0,0,09:33:48,6149.2,2067
20231107,5579.6,,,,,4,0,0,0,0,1116436.28447,5579.0,,,,,6,0,0,0,0,,,CFFEX,,5589.6,IC2311,5579.2,5031.2,5577.0,69877.0,5588.0,5596.0,,71232.0,5590.2,,20231107,2307673800.0,500,09:33:48,6149.2,2067
20231107,5579.4,,,,,2,0,0,0,0,1116436.28447,5579.0,,,,,6,0,0,0,0,,,CFFEX,,5589.6,IC2311,5579.2,5031.2,5577.0,69877.0,5588.0,5596.0,,71232.0,5590.2,,20231107,2307673800.0,0,09:33:49,6149.2,2067
20231107,5579.6,,,,,1,0,0,0,0,1116435.70807,5579.0,,,,,5,0,0,0,0,,,CFFEX,,5589.6,IC2311,5579.2,5031.2,5577.0,69875.0,5588.0,5596.0,,71232.0,5590.2,,20231107,2309905480.0,500,09:33:49,6149.2,2069
20231107,5579.6,,,,,1,0,0,0,0,1116435.11347,5579.0,,,,,6,0,0,0,0,,,CFFEX,,5589.6,IC2311,5579.0,5031.2,5577.0,69873.0,5588.0,5596.0,,71232.0,5590.2,,20231107,2312137120.0,0,09:33:50,6149.2,2071
20231107,5579.8,,,,,3,0,0,0,0,1116434.6165,5579.2,,,,,1,0,0,0,0,,,CFFEX,,5589.6,IC2311,5579.6,5031.2,5577.0,69871.0,5588.0,5596.0,,71232.0,5590.2,,20231107,2314368960.0,500,09:33:50,6149.2,2073
20231107,5579.6,,,,,3,0,0,0,0,1116434.3298,5579.0,,,,,4,0,0,0,0,,,CFFEX,,5589.6,IC2311,5579.2,5031.2,5577.0,69871.0,5588.0,5596.0,,71232.0,5590.2,,20231107,2315484800.0,0,09:33:51,6149.2,2074
20231107,5579.6,,,,,3,0,0,0,0,1116433.77649,5579.0,,,,,3,0,0,0,0,,,CFFEX,,5589.6,IC2311,5579.0,5031.2,5577.0,69870.0,5588.0,5596.0,,71232.0,5590.2,,20231107,2317716520.0,0,09:33:52,6149.2,2076
20231107,5579.6,,,,,2,0,0,0,0,1116433.22425,5579.0,,,,,3,0,0,0,0,,,CFFEX,,5589.6,IC2311,5579.6,5031.2,5577.0,69868.0,5588.0,5596.0,,71232.0,5590.2,,20231107,2319948240.0,500,09:33:52,6149.2,2078
20231107,5579.8,,,,,4,0,0,0,0,1116432.73077,5579.6,,,,,4,0,0,0,0,,,CFFEX,,5589.6,IC2311,5579.6,5031.2,5577.0,69866.0,5588.0,5596.0,,71232.0,5590.2,,20231107,2322180080.0,0,09:33:53,6149.2,2080
20231107,5580.0,,,,,15,0,0,0,0,1116431.82342,5579.8,,,,,1,0,0,0,0,,,CFFEX,,5589.6,IC2311,5579.8,5031.2,5577.0,69862.0,5588.0,5596.0,,71232.0,5590.2,,20231107,2326643920.0,500,09:33:53,6149.2,2084
20231107,5580.4,,,,,1,0,0,0,0,1116428.53333,5580.0,,,,,3,0,0,0,0,,,CFFEX,,5589.6,IC2311,5580.0,5031.2,5577.0,69850.0,5588.0,5596.0,,71232.0,5590.2,,20231107,2344499920.0,0,09:33:54,6149.2,2100
20231107,5580.8,,,,,2,0,0,0,0,1116428.23977,5580.2,,,,,2,0,0,0,0,,,CFFEX,,5589.6,IC2311,5580.8,5031.2,5577.0,69848.0,5588.0,5596.0,,71232.0,5590.2,,20231107,2346732160.0,500,09:33:54,6149.2,2102
20231107,5581.2,,,,,1,0,0,0,0,1116427.76828,5581.0,,,,,1,0,0,0,0,,,CFFEX,,5589.6,IC2311,5581.0,5031.2,5577.0,69846.0,5588.0,5596.0,,71232.0,5590.2,,20231107,2351196880.0,500,09:33:55,6149.2,2106
20231107,5581.8,,,,,1,0,0,0,0,1116427.35545,5580.0,,,,,4,0,0,0,0,,,CFFEX,,5589.6,IC2311,5581.2,5031.2,5577.0,69842.0,5588.0,5596.0,,71232.0,5590.2,,20231107,2355661720.0,0,09:33:56,6149.2,2110
20231107,5581.8,,,,,1,0,0,0,0,1116427.35545,5580.6,,,,,1,0,0,0,0,,,CFFEX,,5589.6,IC2311,5581.2,5031.2,5577.0,69842.0,5588.0,5596.0,,71232.0,5590.2,,20231107,2355661720.0,500,09:33:56,6149.2,2110
20231107,5582.4,,,,,1,0,0,0,0,1116427.31061,5581.0,,,,,2,0,0,0,0,,,CFFEX,,5589.6,IC2311,5582.0,5031.2,5577.0,69841.0,5588.0,5596.0,,71232.0,5590.2,,20231107,2357894480.0,0,09:33:57,6149.2,2112
20231107,5582.2,,,,,3,0,0,0,0,1116427.20908,5581.2,,,,,6,0,0,0,0,,,CFFEX,,5589.6,IC2311,5581.6,5031.2,5577.0,69839.0,5588.0,5596.0,,71232.0,5590.2,,20231107,2360127120.0,500,09:33:57,6149.2,2114
20231107,5582.0,,,,,2,0,0,0,0,1116427.20908,5581.2,,,,,6,0,0,0,0,,,CFFEX,,5589.6,IC2311,5581.6,5031.2,5577.0,69839.0,5588.0,5596.0,,71232.0,5590.2,,20231107,2360127120.0,0,09:33:58,6149.2,2114
20231107,5582.2,,,,,1,0,0,0,0,1116426.70438,5581.6,,,,,1,0,0,0,0,,,CFFEX,,5589.6,IC2311,5581.6,5031.2,5577.0,69834.0,5588.0,5596.0,,71232.0,5590.2,,20231107,2367941040.0,500,09:33:58,6149.2,2121
20231107,5581.6,,,,,2,0,0,0,0,1116426.50353,5581.0,,,,,3,0,0,0,0,,,CFFEX,,5589.6,IC2311,5581.6,5031.2,5577.0,69830.0,5588.0,5596.0,,71232.0,5590.2,,20231107,2372406320.0,0,09:33:59,6149.2,2125
20231107,5582.0,,,,,5,0,0,0,0,1116426.45343,5581.0,,,,,3,0,0,0,0,,,CFFEX,,5589.6,IC2311,5581.6,5031.2,5577.0,69829.0,5588.0,5596.0,,71232.0,5590.2,,20231107,2373522640.0,500,09:33:59,6149.2,2126
20231107,5581.8,,,,,6,0,0,0,0,1116426.45343,5581.2,,,,,1,0,0,0,0,,,CFFEX,,5589.6,IC2311,5581.6,5031.2,5577.0,69829.0,5588.0,5596.0,,71232.0,5590.2,,20231107,2373522640.0,0,09:34:00,6149.2,2126
20231107,5581.6,,,,,3,0,0,0,0,1116426.38458,5581.2,,,,,2,0,0,0,0,,,CFFEX,,5589.6,IC2311,5581.4,5031.2,5577.0,69828.0,5588.0,5596.0,,71232.0,5590.2,,20231107,2374638920.0,500,09:34:00,6149.2,2127
20231107,5581.2,,,,,2,0,0,0,0,1116425.84154,5580.6,,,,,1,0,0,0,0,,,CFFEX,,5589.6,IC2311,5581.0,5031.2,5577.0,69827.0,5588.0,5596.0,,71232.0,5590.2,,20231107,2381336320.0,0,09:34:01,6149.2,2133
20231107,5580.6,,,,,2,0,0,0,0,1116425.69822,5580.4,,,,,3,0,0,0,0,,,CFFEX,,5589.6,IC2311,5580.6,5031.2,5577.0,69827.0,5588.0,5596.0,,71232.0,5590.2,,20231107,2382452440.0,500,09:34:01,6149.2,2134
20231107,5580.4,,,,,1,0,0,0,0,1116424.85273,5580.0,,,,,1,0,0,0,0,,,CFFEX,,5589.6,IC2311,5580.4,5031.2,5577.0,69823.0,5588.0,5596.0,,71232.0,5590.2,,20231107,2388032760.0,0,09:34:02,6149.2,2139
20231107,5580.2,,,,,5,0,0,0,0,1116424.85273,5580.0,,,,,1,0,0,0,0,,,CFFEX,,5589.6,IC2311,5580.4,5031.2,5577.0,69823.0,5588.0,5596.0,,71232.0,5590.2,,20231107,2388032760.0,500,09:34:02,6149.2,2139
20231107,5580.6,,,,,3,0,0,0,0,1116423.24022,5580.2,,,,,2,0,0,0,0,,,CFFEX,,5589.6,IC2311,5580.4,5031.2,5577.0,69815.0,5588.0,5596.0,,71232.0,5590.2,,20231107,2398077120.0,0,09:34:03,6149.2,2148
20231107,5581.2,,,,,1,0,0,0,0,1116422.11307,5580.4,,,,,2,0,0,0,0,,,CFFEX,,5589.6,IC2311,5581.2,5031.2,5577.0,69806.0,5588.0,5596.0,,71232.0,5590.2,,20231107,2409238920.0,500,09:34:03,6149.2,2158
20231107,5581.8,,,,,7,0,0,0,0,1116421.71904,5581.4,,,,,3,0,0,0,0,,,CFFEX,,5589.6,IC2311,5581.6,5031.2,5577.0,69800.0,5588.0,5596.0,,71232.0,5590.2,,20231107,2415936600.0,0,09:34:04,6149.2,2164
20231107,5582.4,,,,,1,0,0,0,0,1116421.46073,5581.4,,,,,3,0,0,0,0,,,CFFEX,,5589.6,IC2311,5581.8,5031.2,5577.0,69795.0,5588.0,5596.0,,71232.0,5590.2,,20231107,2430449520.0,500,09:34:04,6149.2,2177
20231107,5582.2,,,,,1,0,0,0,0,1116421.46924,5581.6,,,,,6,0,0,0,0,,,CFFEX,,5589.6,IC2311,5582.2,5031.2,5577.0,69794.0,5588.0,5596.0,,71232.0,5590.2,,20231107,2431565960.0,0,09:34:05,6149.2,2178
20231107,5582.2,,,,,1,0,0,0,0,1116421.37615,5581.6,,,,,3,0,0,0,0,,,CFFEX,,5589.6,IC2311,5581.6,5031.2,5577.0,69793.0,5588.0,5596.0,,71232.0,5590.2,,20231107,2433798600.0,500,09:34:05,6149.2,2180
20231107,5582.0,,,,,5,0,0,0,0,1116421.27348,5581.6,,,,,1,0,0,0,0,,,CFFEX,,5589.6,IC2311,5581.6,5031.2,5577.0,69790.0,5588.0,5596.0,,71232.0,5590.2,,20231107,2437147640.0,0,09:34:06,6149.2,2183
20231107,5581.6,,,,,1,0,0,0,0,1116421.22711,5581.4,,,,,2,0,0,0,0,,,CFFEX,,5589.6,IC2311,5581.6,5031.2,5577.0,69790.0,5588.0,5596.0,,71232.0,5590.2,,20231107,2438263960.0,500,09:34:06,6149.2,2184
20231107,5581.8,,,,,2,0,0,0,0,1116421.05167,5581.6,,,,,1,0,0,0,0,,,CFFEX,,5589.6,IC2311,5581.6,5031.2,5577.0,69790.0,5588.0,5596.0,,71232.0,5590.2,,20231107,2441612840.0,0,09:34:07,6149.2,2187
20231107,5581.8,,,,,2,0,0,0,0,1116420.90452,5580.8,,,,,1,0,0,0,0,,,CFFEX,,5589.6,IC2311,5581.0,5031.2,5577.0,69789.0,5588.0,5596.0,,71232.0,5590.2,,20231107,2443845360.0,500,09:34:07,6149.2,2189
20231107,5581.6,,,,,2,0,0,0,0,1116420.90452,5581.0,,,,,3,0,0,0,0,,,CFFEX,,5589.6,IC2311,5581.0,5031.2,5577.0,69789.0,5588.0,5596.0,,71232.0,5590.2,,20231107,2443845360.0,0,09:34:08,6149.2,2189
20231107,5582.0,,,,,1,0,0,0,0,1116420.81241,5581.6,,,,,1,0,0,0,0,,,CFFEX,,5589.6,IC2311,5581.6,5031.2,5577.0,69787.0,5588.0,5596.0,,71232.0,5590.2,,20231107,2446078000.0,500,09:34:08,6149.2,2191
20231107,5582.2,,,,,1,0,0,0,0,1116420.76642,5581.8,,,,,2,0,0,0,0,,,CFFEX,,5589.6,IC2311,5581.6,5031.2,5577.0,69787.0,5588.0,5596.0,,71232.0,5590.2,,20231107,2447194320.0,0,09:34:09,6149.2,2192
20231107,5582.4,,,,,2,0,0,0,0,1116420.73871,5581.8,,,,,2,0,0,0,0,,,CFFEX,,5589.6,IC2311,5581.8,5031.2,5577.0,69787.0,5588.0,5596.0,,71232.0,5590.2,,20231107,2448310680.0,500,09:34:09,6149.2,2193
20231107,5582.4,,,,,1,0,0,0,0,1116420.76572,5582.2,,,,,2,0,0,0,0,,,CFFEX,,5589.6,IC2311,5582.4,5031.2,5577.0,69786.0,5588.0,5596.0,,71232.0,5590.2,,20231107,2449427160.0,0,09:34:10,6149.2,2194
20231107,5583.4,,,,,1,0,0,0,0,1116421.05455,5582.6,,,,,1,0,0,0,0,,,CFFEX,,5589.6,IC2311,5582.6,5031.2,5577.0,69786.0,5588.0,5596.0,,71232.0,5590.2,,20231107,2456126320.0,500,09:34:10,6149.2,2200
20231107,5583.4,,,,,1,0,0,0,0,1116421.3079,5583.0,,,,,2,0,0,0,0,,,CFFEX,,5589.6,IC2311,5583.6,5031.2,5577.0,69785.0,5588.0,5596.0,,71232.0,5590.2,,20231107,2458359720.0,0,09:34:11,6149.2,2202
20231107,5584.4,,,,,1,0,0,0,0,1116422.42534,5583.4,,,,,2,0,0,0,0,,,CFFEX,,5589.6,IC2311,5584.0,5031.2,5577.0,69777.0,5588.0,5596.0,,71232.0,5590.2,,20231107,2467293560.0,500,09:34:11,6149.2,2210
20231107,5584.2,,,,,5,0,0,0,0,1116422.91911,5584.0,,,,,1,0,0,0,0,,,CFFEX,,5589.6,IC2311,5584.0,5031.2,5577.0,69775.0,5588.0,5596.0,,71232.0,5590.2,,20231107,2470643920.0,0,09:34:12,6149.2,2213
20231107,5583.8,,,,,3,0,0,0,0,1116423.81253,5583.0,,,,,1,0,0,0,0,,,CFFEX,,5589.6,IC2311,5583.8,5031.2,5577.0,69772.0,5588.0,5596.0,,71232.0,5590.2,,20231107,2477344440.0,500,09:34:12,6149.2,2219
20231107,5583.6,,,,,8,0,0,0,0,1116423.97118,5582.6,,,,,3,0,0,0,0,,,CFFEX,,5589.6,IC2311,5583.0,5031.2,5577.0,69771.0,5588.0,5596.0,,71232.0,5590.2,,20231107,2479577640.0,0,09:34:13,6149.2,2221
20231107,5583.4,,,,,4,0,0,0,0,1116423.97118,5582.6,,,,,3,0,0,0,0,,,CFFEX,,5589.6,IC2311,5583.0,5031.2,5577.0,69771.0,5588.0,5596.0,,71232.0,5590.2,,20231107,2479577640.0,500,09:34:13,6149.2,2221
20231107,5583.4,,,,,4,0,0,0,0,1116424.16554,5582.6,,,,,1,0,0,0,0,,,CFFEX,,5589.6,IC2311,5583.2,5031.2,5577.0,69769.0,5588.0,5596.0,,71232.0,5590.2,,20231107,2481810920.0,0,09:34:14,6149.2,2223
20231107,5583.2,,,,,1,0,0,0,0,1116424.20863,5582.4,,,,,6,0,0,0,0,,,CFFEX,,5589.6,IC2311,5582.6,5031.2,5577.0,69769.0,5588.0,5596.0,,71232.0,5590.2,,20231107,2482927440.0,500,09:34:14,6149.2,2224
20231107,5583.6,,,,,4,0,0,0,0,1116424.3236,5582.4,,,,,6,0,0,0,0,,,CFFEX,,5589.6,IC2311,5583.4,5031.2,5577.0,69768.0,5588.0,5596.0,,71232.0,5590.2,,20231107,2484044120.0,0,09:34:15,6149.2,2225
20231107,5583.6,,,,,5,0,0,0,0,1116424.3236,5582.6,,,,,1,0,0,0,0,,,CFFEX,,5589.6,IC2311,5583.4,5031.2,5577.0,69768.0,5588.0,5596.0,,71232.0,5590.2,,20231107,2484044120.0,500,09:34:15,6149.2,2225
20231107,5583.4,,,,,2,0,0,0,0,1116424.3236,5582.6,,,,,1,0,0,0,0,,,CFFEX,,5589.6,IC2311,5583.4,5031.2,5577.0,69768.0,5588.0,5596.0,,71232.0,5590.2,,20231107,2484044120.0,0,09:34:16,6149.2,2225
20231107,5583.4,,,,,4,0,0,0,0,1116424.39156,5582.4,,,,,5,0,0,0,0,,,CFFEX,,5589.6,IC2311,5582.4,5031.2,5577.0,69767.0,5588.0,5596.0,,71232.0,5590.2,,20231107,2486277120.0,500,09:34:16,6149.2,2227
20231107,5583.0,,,,,1,0,0,0,0,1116424.39156,5582.4,,,,,5,0,0,0,0,,,CFFEX,,5589.6,IC2311,5582.4,5031.2,5577.0,69767.0,5588.0,5596.0,,71232.0,5590.2,,20231107,2486277120.0,0,09:34:17,6149.2,2227
20231107,5583.0,,,,,3,0,0,0,0,1116424.44145,5582.4,,,,,3,0,0,0,0,,,CFFEX,,5589.6,IC2311,5582.4,5031.2,5577.0,69765.0,5588.0,5596.0,,71232.0,5590.2,,20231107,2488510080.0,500,09:34:17,6149.2,2229
20231107,5582.8,,,,,1,0,0,0,0,1116424.52999,5582.4,,,,,4,0,0,0,0,,,CFFEX,,5589.6,IC2311,5582.2,5031.2,5577.0,69760.0,5588.0,5596.0,,71232.0,5590.2,,20231107,2494092400.0,0,09:34:18,6149.2,2234
20231107,5582.8,,,,,1,0,0,0,0,1116424.64014,5582.4,,,,,3,0,0,0,0,,,CFFEX,,5589.6,IC2311,5582.6,5031.2,5577.0,69759.0,5588.0,5596.0,,71232.0,5590.2,,20231107,2497441920.0,500,09:34:18,6149.2,2237
20231107,5583.2,,,,,1,0,0,0,0,1116424.70063,5582.4,,,,,3,0,0,0,0,,,CFFEX,,5589.6,IC2311,5582.8,5031.2,5577.0,69758.0,5588.0,5596.0,,71232.0,5590.2,,20231107,2498558480.0,0,09:34:19,6149.2,2238
20231107,5583.4,,,,,1,0,0,0,0,1116424.95315,5582.4,,,,,4,0,0,0,0,,,CFFEX,,5589.6,IC2311,5583.2,5031.2,5577.0,69755.0,5588.0,5596.0,,71232.0,5590.2,,20231107,2501908320.0,500,09:34:19,6149.2,2241
20231107,5583.6,,,,,2,0,0,0,0,1116425.0669,5582.6,,,,,3,0,0,0,0,,,CFFEX,,5589.6,IC2311,5583.4,5031.2,5577.0,69754.0,5588.0,5596.0,,71232.0,5590.2,,20231107,2503025000.0,0,09:34:20,6149.2,2242
20231107,5583.4,,,,,1,0,0,0,0,1116425.90222,5582.8,,,,,4,0,0,0,0,,,CFFEX,,5589.6,IC2311,5583.2,5031.2,5577.0,69746.0,5588.0,5596.0,,71232.0,5590.2,,20231107,2511958280.0,500,09:34:20,6149.2,2250
20231107,5583.8,,,,,3,0,0,0,0,1116426.27608,5583.6,,,,,1,0,0,0,0,,,CFFEX,,5589.6,IC2311,5583.6,5031.2,5577.0,69744.0,5588.0,5596.0,,71232.0,5590.2,,20231107,2515308400.0,0,09:34:21,6149.2,2253
20231107,5583.8,,,,,2,0,0,0,0,1116426.96191,5583.4,,,,,1,0,0,0,0,,,CFFEX,,5589.6,IC2311,5583.6,5031.2,5577.0,69742.0,5588.0,5596.0,,71232.0,5590.2,,20231107,2520892080.0,500,09:34:21,6149.2,2258
20231107,5583.4,,,,,4,0,0,0,0,1116427.07393,5583.0,,,,,1,0,0,0,0,,,CFFEX,,5589.6,IC2311,5583.4,5031.2,5577.0,69741.0,5588.0,5596.0,,71232.0,5590.2,,20231107,2522008760.0,0,09:34:22,6149.2,2259
