ActionDay,AskPrice1,AskPrice2,AskPrice3,AskPrice4,AskPrice5,AskVolume1,AskVolume2,AskVolume3,AskVolume4,AskVolume5,AveragePrice,BidPrice1,BidPrice2,BidPrice3,BidPrice4,BidPrice5,BidVolume1,BidVolume2,BidVolume3,BidVolume4,BidVolume5,ClosePrice,CurrDelta,ExchangeID,ExchangeInstID,HighestPrice,InstrumentID,LastPrice,LowerLimitPrice,LowestPrice,OpenInterest,OpenPrice,PreClosePrice,PreDelta,PreOpenInterest,PreSettlementPrice,SettlementPrice,TradingDay,Turnover,UpdateMillisec,UpdateTime,UpperLimitPrice,Volume
20240102,,,,,,0,0,0,0,0,0.0,,,,,,0,0,0,0,0,,,CFFEX,,,IC2401,5431.8,4893.2,,99964.0,,5431.8,,99964.0,5436.8,,20240102,0.0,100,07:03:06,5980.4,0
20240102,5433.0,,,,,1,0,0,0,0,1086360.0,5431.8,,,,,27,0,0,0,0,,,CFFEX,,5431.8,IC2401,5431.8,4893.2,5431.8,99942.0,5431.8,5431.8,,99964.0,5436.8,,20240102,61922520.0,100,09:29:00,5980.4,57
20240102,5434.0,,,,,17,0,0,0,0,1086438.98734,5433.0,,,,,10,0,0,0,0,,,CFFEX,,5434.0,IC2401,5434.0,4893.2,5431.8,99934.0,5431.8,5431.8,,99964.0,5436.8,,20240102,85828680.0,100,09:30:00,5980.4,79
20240102,5435.8,,,,,3,0,0,0,0,1086590.07092,5434.6,,,,,1,0,0,0,0,,,CFFEX,,5435.8,IC2401,5435.0,4893.2,5431.8,99906.0,5431.8,5431.8,,99964.0,5436.8,,20240102,153209200.0,600,09:30:00,5980.4,141
20240102,5436.8,,,,,19,0,0,0,0,1086679.52096,5435.6,,,,,3,0,0,0,0,,,CFFEX,,5436.8,IC2401,5435.6,4893.2,5431.8,99882.0,5431.8,5431.8,,99964.0,5436.8,,20240102,181475480.0,100,09:30:01,5980.4,167
20240102,5436.8,,,,,3,0,0,0,0,1086785.63107,5435.0,,,,,1,0,0,0,0,,,CFFEX,,5436.8,IC2401,5436.8,4893.2,5431.8,99854.0,5431.8,5431.8,,99964.0,5436.8,,20240102,223877840.0,600,09:30:01,5980.4,206
20240102,5439.6,,,,,1,0,0,0,0,1086865.72614,5436.8,,,,,3,0,0,0,0,,,CFFEX,,5438.8,IC2401,5438.8,4893.2,5431.8,99835.0,5431.8,5431.8,,99964.0,5436.8,,20240102,261934640.0,100,09:30:02,5980.4,241
20240102,5438.4,,,,,1,0,0,0,0,1086883.68,5434.8,,,,,2,0,0,0,0,,,CFFEX,,5438.8,IC2401,5435.6,4893.2,5431.8,99829.0,5431.8,5431.8,,99964.0,5436.8,,20240102,271720920.0,600,09:30:02,5980.4,250
20240102,5437.0,,,,,1,0,0,0,0,1086894.375,5435.8,,,,,1,0,0,0,0,,,CFFEX,,5438.8,IC2401,5436.0,4893.2,5431.8,99829.0,5431.8,5431.8,,99964.0,5436.8,,20240102,278244960.0,100,09:30:03,5980.4,256
20240102,5435.8,,,,,4,0,0,0,0,1086903.28358,5434.0,,,,,7,0,0,0,0,,,CFFEX,,5438.8,IC2401,5435.6,4893.2,5431.8,99820.0,5431.8,5431.8,,99964.0,5436.8,,20240102,291290080.0,600,09:30:03,5980.4,268
20240102,5435.2,,,,,4,0,0,0,0,1086904.53901,5434.6,,,,,1,0,0,0,0,,,CFFEX,,5438.8,IC2401,5435.0,4893.2,5431.8,99814.0,5431.8,5431.8,,99964.0,5436.8,,20240102,306507080.0,100,09:30:04,5980.4,282
20240102,5434.4,,,,,1,0,0,0,0,1086902.72425,5434.0,,,,,4,0,0,0,0,,,CFFEX,,5438.8,IC2401,5434.2,4893.2,5431.8,99802.0,5431.8,5431.8,,99964.0,5436.8,,20240102,327157720.0,600,09:30:04,5980.4,301
20240102,5434.0,,,,,1,0,0,0,0,1086895.79937,5433.0,,,,,48,0,0,0,0,,,CFFEX,,5438.8,IC2401,5434.0,4893.2,5431.8,99788.0,5431.8,5431.8,,99964.0,5436.8,,20240102,346719760.0,100,09:30:05,5980.4,319
20240102,5434.0,,,,,6,0,0,0,0,1086893.74233,5433.2,,,,,3,0,0,0,0,,,CFFEX,,5438.8,IC2401,5434.0,4893.2,5431.8,99785.0,5431.8,5431.8,,99964.0,5436.8,,20240102,354327360.0,600,09:30:05,5980.4,326
20240102,5434.0,,,,,4,0,0,0,0,1086888.63905,5433.2,,,,,3,0,0,0,0,,,CFFEX,,5438.8,IC2401,5433.4,4893.2,5431.8,99785.0,5431.8,5431.8,,99964.0,5436.8,,20240102,367368360.0,100,09:30:06,5980.4,338
20240102,5434.0,,,,,2,0,0,0,0,1086887.48538,5433.4,,,,,2,0,0,0,0,,,CFFEX,,5438.8,IC2401,5434.0,4893.2,5431.8,99781.0,5431.8,5431.8,,99964.0,5436.8,,20240102,371715520.0,600,09:30:06,5980.4,342
20240102,5434.4,,,,,1,0,0,0,0,1086883.03371,5433.2,,,,,4,0,0,0,0,,,CFFEX,,5438.8,IC2401,5433.6,4893.2,5431.8,99782.0,5431.8,5431.8,,99964.0,5436.8,,20240102,386930360.0,100,09:30:07,5980.4,356
20240102,5434.4,,,,,1,0,0,0,0,1086883.17808,5433.4,,,,,3,0,0,0,0,,,CFFEX,,5438.8,IC2401,5434.2,4893.2,5431.8,99777.0,5431.8,5431.8,,99964.0,5436.8,,20240102,396712360.0,600,09:30:07,5980.4,365
20240102,5435.6,,,,,2,0,0,0,0,1086884.0,5434.4,,,,,3,0,0,0,0,,,CFFEX,,5438.8,IC2401,5434.8,4893.2,5431.8,99775.0,5431.8,5431.8,,99964.0,5436.8,,20240102,402147080.0,100,09:30:08,5980.4,370
20240102,5435.0,,,,,2,0,0,0,0,1086884.05333,5434.4,,,,,3,0,0,0,0,,,CFFEX,,5438.8,IC2401,5434.4,4893.2,5431.8,99771.0,5431.8,5431.8,,99964.0,5436.8,,20240102,407581520.0,600,09:30:08,5980.4,375
20240102,5435.6,,,,,2,0,0,0,0,1086883.44648,5435.0,,,,,2,0,0,0,0,,,CFFEX,,5438.8,IC2401,5434.0,4893.2,5431.8,99765.0,5431.8,5431.8,,99964.0,5436.8,,20240102,416276360.0,100,09:30:09,5980.4,383
20240102,5434.8,,,,,1,0,0,0,0,1086884.34109,5433.4,,,,,4,0,0,0,0,,,CFFEX,,5438.8,IC2401,5434.4,4893.2,5431.8,99762.0,5431.8,5431.8,,99964.0,5436.8,,20240102,420624240.0,600,09:30:09,5980.4,387
20240102,5434.8,,,,,1,0,0,0,0,1086883.12343,5433.6,,,,,3,0,0,0,0,,,CFFEX,,5438.8,IC2401,5434.6,4893.2,5431.8,99754.0,5431.8,5431.8,,99964.0,5436.8,,20240102,431492600.0,100,09:30:10,5980.4,397
20240102,5434.2,,,,,1,0,0,0,0,1086881.7866,5433.6,,,,,2,0,0,0,0,,,CFFEX,,5438.8,IC2401,5433.6,4893.2,5431.8,99750.0,5431.8,5431.8,,99964.0,5436.8,,20240102,438013360.0,600,09:30:10,5980.4,403
20240102,5434.0,,,,,3,0,0,0,0,1086879.70588,5433.4,,,,,2,0,0,0,0,,,CFFEX,,5438.8,IC2401,5433.6,4893.2,5431.8,99747.0,5431.8,5431.8,,99964.0,5436.8,,20240102,443446920.0,100,09:30:11,5980.4,408
20240102,5433.6,,,,,12,0,0,0,0,1086876.90821,5433.2,,,,,1,0,0,0,0,,,CFFEX,,5438.8,IC2401,5433.6,4893.2,5431.8,99747.0,5431.8,5431.8,,99964.0,5436.8,,20240102,449967040.0,600,09:30:11,5980.4,414
20240102,5433.2,,,,,7,0,0,0,0,1086866.88372,5433.0,,,,,35,0,0,0,0,,,CFFEX,,5438.8,IC2401,5433.0,4893.2,5431.8,99735.0,5431.8,5431.8,,99964.0,5436.8,,20240102,467352760.0,100,09:30:12,5980.4,430
20240102,5432.6,,,,,1,0,0,0,0,1086840.50526,5432.2,,,,,4,0,0,0,0,,,CFFEX,,5438.8,IC2401,5432.2,4893.2,5431.8,99698.0,5431.8,5431.8,,99964.0,5436.8,,20240102,516249240.0,600,09:30:12,5980.4,475
20240102,5432.0,,,,,1,0,0,0,0,1086824.66531,5431.8,,,,,19,0,0,0,0,,,CFFEX,,5438.8,IC2401,5431.8,4893.2,5431.8,99695.0,5431.8,5431.8,,99964.0,5436.8,,20240102,535804560.0,100,09:30:13,5980.4,493
20240102,5432.0,,,,,16,0,0,0,0,1086817.32535,5431.8,,,,,13,0,0,0,0,,,CFFEX,,5438.8,IC2401,5431.8,4893.2,5431.8,99695.0,5431.8,5431.8,,99964.0,5436.8,,20240102,544495480.0,600,09:30:13,5980.4,501
20240102,5431.8,,,,,12,0,0,0,0,1086801.62162,5430.0,,,,,2,0,0,0,0,,,CFFEX,,5438.8,IC2401,5431.8,4893.2,5431.0,99690.0,5431.8,5431.8,,99964.0,5436.8,,20240102,562963240.0,100,09:30:14,5980.4,518
20240102,5431.2,,,,,1,0,0,0,0,1086794.18738,5430.0,,,,,3,0,0,0,0,,,CFFEX,,5438.8,IC2401,5430.6,4893.2,5430.0,99687.0,5431.8,5431.8,,99964.0,5436.8,,20240102,568393360.0,600,09:30:14,5980.4,523
20240102,5431.0,,,,,7,0,0,0,0,1086779.58724,5429.0,,,,,1,0,0,0,0,,,CFFEX,,5438.8,IC2401,5429.0,4893.2,5429.0,99679.0,5431.8,5431.8,,99964.0,5436.8,,20240102,579253520.0,100,09:30:15,5980.4,533
20240102,5430.8,,,,,3,0,0,0,0,1086765.96685,5429.2,,,,,2,0,0,0,0,,,CFFEX,,5438.8,IC2401,5430.6,4893.2,5429.0,99674.0,5431.8,5431.8,,99964.0,5436.8,,20240102,590113920.0,600,09:30:15,5980.4,543
20240102,5431.0,,,,,11,0,0,0,0,1086746.09319,5429.4,,,,,2,0,0,0,0,,,CFFEX,,5438.8,IC2401,5430.6,4893.2,5429.0,99665.0,5431.8,5431.8,,99964.0,5436.8,,20240102,606404320.0,100,09:30:16,5980.4,558
20240102,5430.8,,,,,3,0,0,0,0,1086740.21352,5430.6,,,,,1,0,0,0,0,,,CFFEX,,5438.8,IC2401,5430.2,4893.2,5429.0,99661.0,5431.8,5431.8,,99964.0,5436.8,,20240102,610748000.0,600,09:30:16,5980.4,562
20240102,5429.4,,,,,1,0,0,0,0,1086730.75571,5429.0,,,,,1,0,0,0,0,,,CFFEX,,5438.8,IC2401,5429.6,4893.2,5429.0,99655.0,5431.8,5431.8,,99964.0,5436.8,,20240102,618349800.0,100,09:30:17,5980.4,569
20240102,5429.0,,,,,1,0,0,0,0,1086721.04348,5428.0,,,,,1,0,0,0,0,,,CFFEX,,5438.8,IC2401,5429.0,4893.2,5429.0,99654.0,5431.8,5431.8,,99964.0,5436.8,,20240102,624864600.0,600,09:30:17,5980.4,575
20240102,5428.2,,,,,1,0,0,0,0,1086704.63122,5425.0,,,,,5,0,0,0,0,,,CFFEX,,5438.8,IC2401,5425.0,4893.2,5425.0,99649.0,5431.8,5431.8,,99964.0,5436.8,,20240102,633548800.0,100,09:30:18,5980.4,583
20240102,5426.2,,,,,1,0,0,0,0,1086682.83305,5425.6,,,,,1,0,0,0,0,,,CFFEX,,5438.8,IC2401,5425.6,4893.2,5425.0,99643.0,5431.8,5431.8,,99964.0,5436.8,,20240102,644402920.0,600,09:30:18,5980.4,593
20240102,5428.0,,,,,4,0,0,0,0,1086659.53642,5426.8,,,,,1,0,0,0,0,,,CFFEX,,5438.8,IC2401,5426.8,4893.2,5425.0,99637.0,5431.8,5431.8,,99964.0,5436.8,,20240102,656342360.0,100,09:30:19,5980.4,604
20240102,5428.0,,,,,1,0,0,0,0,1086633.99031,5427.0,,,,,8,0,0,0,0,,,CFFEX,,5438.8,IC2401,5427.2,4893.2,5425.0,99627.0,5431.8,5431.8,,99964.0,5436.8,,20240102,672626440.0,600,09:30:19,5980.4,619
20240102,5429.4,,,,,1,0,0,0,0,1086626.34615,5428.2,,,,,2,0,0,0,0,,,CFFEX,,5438.8,IC2401,5428.2,4893.2,5425.0,99625.0,5431.8,5431.8,,99964.0,5436.8,,20240102,678054840.0,100,09:30:20,5980.4,624
20240102,5429.2,,,,,1,0,0,0,0,1086613.12303,5428.8,,,,,1,0,0,0,0,,,CFFEX,,5438.8,IC2401,5428.6,4893.2,5425.0,99618.0,5431.8,5431.8,,99964.0,5436.8,,20240102,688912720.0,600,09:30:20,5980.4,634
20240102,5431.6,,,,,2,0,0,0,0,1086594.76117,5429.4,,,,,1,0,0,0,0,,,CFFEX,,5438.8,IC2401,5429.0,4893.2,5425.0,99613.0,5431.8,5431.8,,99964.0,5436.8,,20240102,705200000.0,100,09:30:21,5980.4,649
20240102,5431.4,,,,,4,0,0,0,0,1086587.13415,5429.4,,,,,4,0,0,0,0,,,CFFEX,,5438.8,IC2401,5429.4,4893.2,5425.0,99609.0,5431.8,5431.8,,99964.0,5436.8,,20240102,712801160.0,600,09:30:21,5980.4,656
20240102,5431.2,,,,,2,0,0,0,0,1086585.77508,5429.6,,,,,1,0,0,0,0,,,CFFEX,,5438.8,IC2401,5430.4,4893.2,5425.0,99607.0,5431.8,5431.8,,99964.0,5436.8,,20240102,714973440.0,100,09:30:22,5980.4,658
20240102,5431.0,,,,,2,0,0,0,0,1086579.66917,5429.8,,,,,1,0,0,0,0,,,CFFEX,,5438.8,IC2401,5431.0,4893.2,5425.0,99602.0,5431.8,5431.8,,99964.0,5436.8,,20240102,722575480.0,600,09:30:22,5980.4,665
20240102,5429.8,,,,,3,0,0,0,0,1086568.3432,5428.8,,,,,1,0,0,0,0,,,CFFEX,,5438.8,IC2401,5429.0,4893.2,5425.0,99594.0,5431.8,5431.8,,99964.0,5436.8,,20240102,734520200.0,100,09:30:23,5980.4,676
20240102,5429.6,,,,,5,0,0,0,0,1086564.77172,5428.0,,,,,11,0,0,0,0,,,CFFEX,,5438.8,IC2401,5428.8,4893.2,5425.0,99592.0,5431.8,5431.8,,99964.0,5436.8,,20240102,737777480.0,600,09:30:23,5980.4,679
20240102,5429.4,,,,,1,0,0,0,0,1086561.93833,5428.2,,,,,4,0,0,0,0,,,CFFEX,,5438.8,IC2401,5428.0,4893.2,5425.0,99590.0,5431.8,5431.8,,99964.0,5436.8,,20240102,739948680.0,100,09:30:24,5980.4,681
20240102,5429.2,,,,,3,0,0,0,0,1086560.52786,5428.8,,,,,1,0,0,0,0,,,CFFEX,,5438.8,IC2401,5428.0,4893.2,5425.0,99589.0,5431.8,5431.8,,99964.0,5436.8,,20240102,741034280.0,600,09:30:24,5980.4,682
20240102,5428.2,,,,,1,0,0,0,0,1086542.84892,5427.0,,,,,2,0,0,0,0,,,CFFEX,,5438.8,IC2401,5428.0,4893.2,5425.0,99591.0,5431.8,5431.8,,99964.0,5436.8,,20240102,755147280.0,100,09:30:25,5980.4,695
20240102,5428.0,,,,,6,0,0,0,0,1086526.28895,5427.0,,,,,1,0,0,0,0,,,CFFEX,,5438.8,IC2401,5428.0,4893.2,5425.0,99584.0,5431.8,5431.8,,99964.0,5436.8,,20240102,767087560.0,600,09:30:25,5980.4,706
20240102,5427.8,,,,,6,0,0,0,0,1086515.11921,5426.4,,,,,1,0,0,0,0,,,CFFEX,,5438.8,IC2401,5427.0,4893.2,5425.0,99578.0,5431.8,5431.8,,99964.0,5436.8,,20240102,774685280.0,100,09:30:26,5980.4,713
20240102,5427.0,,,,,5,0,0,0,0,1086503.22222,5425.8,,,,,1,0,0,0,0,,,CFFEX,,5438.8,IC2401,5427.0,4893.2,5425.0,99572.0,5431.8,5431.8,,99964.0,5436.8,,20240102,782282320.0,600,09:30:26,5980.4,720
20240102,5425.4,,,,,1,0,0,0,0,1086494.34483,5425.0,,,,,10,0,0,0,0,,,CFFEX,,5438.8,IC2401,5426.8,4893.2,5425.0,99571.0,5431.8,5431.8,,99964.0,5436.8,,20240102,787708400.0,100,09:30:27,5980.4,725
20240102,5425.4,,,,,6,0,0,0,0,1086484.65753,5425.0,,,,,10,0,0,0,0,,,CFFEX,,5438.8,IC2401,5425.4,4893.2,5425.0,99567.0,5431.8,5431.8,,99964.0,5436.8,,20240102,793133800.0,600,09:30:27,5980.4,730
20240102,5425.4,,,,,3,0,0,0,0,1086448.39572,5421.2,,,,,5,0,0,0,0,,,CFFEX,,5438.8,IC2401,5423.4,4893.2,5423.4,99553.0,5431.8,5431.8,,99964.0,5436.8,,20240102,812663400.0,100,09:30:28,5980.4,748
20240102,5425.2,,,,,10,0,0,0,0,1086432.96296,5425.0,,,,,1,0,0,0,0,,,CFFEX,,5438.8,IC2401,5425.2,4893.2,5423.4,99554.0,5431.8,5431.8,,99964.0,5436.8,,20240102,821343320.0,600,09:30:28,5980.4,756
20240102,5424.6,,,,,1,0,0,0,0,1086413.83812,5423.6,,,,,9,0,0,0,0,,,CFFEX,,5438.8,IC2401,5424.6,4893.2,5423.4,99548.0,5431.8,5431.8,,99964.0,5436.8,,20240102,832193000.0,100,09:30:29,5980.4,766
20240102,5426.8,,,,,2,0,0,0,0,1086374.82234,5425.2,,,,,1,0,0,0,0,,,CFFEX,,5438.8,IC2401,5425.4,4893.2,5423.4,99534.0,5431.8,5431.8,,99964.0,5436.8,,20240102,856063360.0,600,09:30:29,5980.4,788
20240102,5426.6,,,,,2,0,0,0,0,1086360.75188,5425.4,,,,,2,0,0,0,0,,,CFFEX,,5438.8,IC2401,5425.4,4893.2,5423.4,99527.0,5431.8,5431.8,,99964.0,5436.8,,20240102,866915880.0,100,09:30:30,5980.4,798
20240102,5427.0,,,,,4,0,0,0,0,1086324.84262,5425.8,,,,,3,0,0,0,0,,,CFFEX,,5438.8,IC2401,5425.8,4893.2,5423.4,99508.0,5431.8,5431.8,,99964.0,5436.8,,20240102,897304320.0,600,09:30:30,5980.4,826
20240102,5427.0,,,,,5,0,0,0,0,1086318.65223,5426.8,,,,,1,0,0,0,0,,,CFFEX,,5438.8,IC2401,5427.0,4893.2,5423.4,99505.0,5431.8,5431.8,,99964.0,5436.8,,20240102,902730800.0,100,09:30:31,5980.4,831
20240102,5426.8,,,,,6,0,0,0,0,1086303.27014,5426.0,,,,,2,0,0,0,0,,,CFFEX,,5438.8,IC2401,5426.8,4893.2,5423.4,99500.0,5431.8,5431.8,,99964.0,5436.8,,20240102,916839960.0,600,09:30:31,5980.4,844
20240102,5426.8,,,,,6,0,0,0,0,1086292.58216,5425.2,,,,,1,0,0,0,0,,,CFFEX,,5438.8,IC2401,5426.0,4893.2,5423.4,99497.0,5431.8,5431.8,,99964.0,5436.8,,20240102,925521280.0,100,09:30:32,5980.4,852
20240102,5426.8,,,,,6,0,0,0,0,1086285.12821,5425.4,,,,,1,0,0,0,0,,,CFFEX,,5438.8,IC2401,5426.6,4893.2,5423.4,99495.0,5431.8,5431.8,,99964.0,5436.8,,20240102,932032640.0,600,09:30:32,5980.4,858
20240102,5426.8,,,,,2,0,0,0,0,1086278.42593,5425.6,,,,,5,0,0,0,0,,,CFFEX,,5438.8,IC2401,5425.6,4893.2,5423.4,99489.0,5431.8,5431.8,,99964.0,5436.8,,20240102,938544560.0,100,09:30:33,5980.4,864
20240102,5428.0,,,,,1,0,0,0,0,1086263.16268,5426.8,,,,,2,0,0,0,0,,,CFFEX,,5438.8,IC2401,5426.8,4893.2,5423.4,99482.0,5431.8,5431.8,,99964.0,5436.8,,20240102,954825320.0,600,09:30:33,5980.4,879
20240102,5427.8,,,,,1,0,0,0,0,1086260.45351,5426.8,,,,,3,0,0,0,0,,,CFFEX,,5438.8,IC2401,5427.0,4893.2,5423.4,99479.0,5431.8,5431.8,,99964.0,5436.8,,20240102,958081720.0,100,09:30:34,5980.4,882
20240102,5428.2,,,,,2,0,0,0,0,1086256.93002,5427.0,,,,,1,0,0,0,0,,,CFFEX,,5438.8,IC2401,5427.0,4893.2,5423.4,99476.0,5431.8,5431.8,,99964.0,5436.8,,20240102,962423640.0,600,09:30:34,5980.4,886
20240102,5428.0,,,,,1,0,0,0,0,1086254.03825,5426.8,,,,,3,0,0,0,0,,,CFFEX,,5438.8,IC2401,5427.0,4893.2,5423.4,99475.0,5431.8,5431.8,,99964.0,5436.8,,20240102,965679840.0,100,09:30:35,5980.4,889
20240102,5427.0,,,,,1,0,0,0,0,1086248.31285,5426.8,,,,,1,0,0,0,0,,,CFFEX,,5438.8,IC2401,5427.0,4893.2,5423.4,99469.0,5431.8,5431.8,,99964.0,5436.8,,20240102,972192240.0,600,09:30:35,5980.4,895
20240102,5426.2,,,,,1,0,0,0,0,1086245.25612,5426.0,,,,,1,0,0,0,0,,,CFFEX,,5438.8,IC2401,5426.6,4893.2,5423.4,99468.0,5431.8,5431.8,,99964.0,5436.8,,20240102,975448240.0,100,09:30:36,5980.4,898
20240102,5427.0,,,,,5,0,0,0,0,1086231.6044,5426.6,,,,,1,0,0,0,0,,,CFFEX,,5438.8,IC2401,5426.2,4893.2,5423.4,99465.0,5431.8,5431.8,,99964.0,5436.8,,20240102,988470760.0,600,09:30:36,5980.4,910
20240102,5426.6,,,,,1,0,0,0,0,1086218.09524,5426.0,,,,,1,0,0,0,0,,,CFFEX,,5438.8,IC2401,5427.0,4893.2,5423.4,99456.0,5431.8,5431.8,,99964.0,5436.8,,20240102,1003665520.0,100,09:30:37,5980.4,924
20240102,5428.2,,,,,2,0,0,0,0,1086214.39655,5427.2,,,,,1,0,0,0,0,,,CFFEX,,5438.8,IC2401,5426.8,4893.2,5423.4,99455.0,5431.8,5431.8,,99964.0,5436.8,,20240102,1008006960.0,600,09:30:37,5980.4,928
20240102,5428.4,,,,,1,0,0,0,0,1086211.45923,5426.8,,,,,2,0,0,0,0,,,CFFEX,,5438.8,IC2401,5427.0,4893.2,5423.4,99453.0,5431.8,5431.8,,99964.0,5436.8,,20240102,1012349080.0,100,09:30:38,5980.4,932
20240102,5428.2,,,,,2,0,0,0,0,1086210.3212,5427.4,,,,,1,0,0,0,0,,,CFFEX,,5438.8,IC2401,5428.4,4893.2,5423.4,99452.0,5431.8,5431.8,,99964.0,5436.8,,20240102,1014520440.0,600,09:30:38,5980.4,934
20240102,5428.8,,,,,1,0,0,0,0,1086208.4952,5428.4,,,,,2,0,0,0,0,,,CFFEX,,5438.8,IC2401,5428.2,4893.2,5423.4,99449.0,5431.8,5431.8,,99964.0,5436.8,,20240102,1017777360.0,100,09:30:39,5980.4,937
20240102,5429.8,,,,,5,0,0,0,0,1086206.6242,5429.0,,,,,2,0,0,0,0,,,CFFEX,,5438.8,IC2401,5429.0,4893.2,5423.4,99445.0,5431.8,5431.8,,99964.0,5436.8,,20240102,1023206640.0,600,09:30:39,5980.4,942
20240102,5431.2,,,,,1,0,0,0,0,1086204.67368,5429.8,,,,,2,0,0,0,0,,,CFFEX,,5438.8,IC2401,5430.0,4893.2,5423.4,99441.0,5431.8,5431.8,,99964.0,5436.8,,20240102,1031894440.0,100,09:30:40,5980.4,950
20240102,5431.0,,,,,3,0,0,0,0,1086204.57023,5430.2,,,,,1,0,0,0,0,,,CFFEX,,5438.8,IC2401,5430.2,4893.2,5423.4,99439.0,5431.8,5431.8,,99964.0,5436.8,,20240102,1036239160.0,600,09:30:40,5980.4,954
20240102,5431.8,,,,,1,0,0,0,0,1086204.29614,5430.4,,,,,1,0,0,0,0,,,CFFEX,,5438.8,IC2401,5431.0,4893.2,5423.4,99435.0,5431.8,5431.8,,99964.0,5436.8,,20240102,1041669920.0,100,09:30:41,5980.4,959
20240102,5433.0,,,,,2,0,0,0,0,1086204.80829,5430.6,,,,,6,0,0,0,0,,,CFFEX,,5438.8,IC2401,5430.6,4893.2,5423.4,99430.0,5431.8,5431.8,,99964.0,5436.8,,20240102,1048187640.0,600,09:30:41,5980.4,965
20240102,5433.0,,,,,3,0,0,0,0,1086204.91228,5431.2,,,,,1,0,0,0,0,,,CFFEX,,5438.8,IC2401,5432.4,4893.2,5423.4,99427.0,5431.8,5431.8,,99964.0,5436.8,,20240102,1052532560.0,100,09:30:42,5980.4,969
20240102,5432.8,,,,,1,0,0,0,0,1086206.32444,5431.4,,,,,2,0,0,0,0,,,CFFEX,,5438.8,IC2401,5431.6,4893.2,5423.4,99424.0,5431.8,5431.8,,99964.0,5436.8,,20240102,1057964960.0,600,09:30:42,5980.4,974
20240102,5433.0,,,,,3,0,0,0,0,1086207.15015,5431.6,,,,,5,0,0,0,0,,,CFFEX,,5438.8,IC2401,5432.8,4893.2,5423.4,99420.0,5431.8,5431.8,,99964.0,5436.8,,20240102,1063396800.0,100,09:30:43,5980.4,979
20240102,5433.0,,,,,4,0,0,0,0,1086207.46177,5431.8,,,,,3,0,0,0,0,,,CFFEX,,5438.8,IC2401,5431.8,4893.2,5423.4,99419.0,5431.8,5431.8,,99964.0,5436.8,,20240102,1065569520.0,600,09:30:43,5980.4,981
20240102,5432.6,,,,,1,0,0,0,0,1086208.71847,5431.4,,,,,5,0,0,0,0,,,CFFEX,,5438.8,IC2401,5431.6,4893.2,5423.4,99413.0,5431.8,5431.8,,99964.0,5436.8,,20240102,1076432840.0,100,09:30:44,5980.4,991
20240102,5432.4,,,,,6,0,0,0,0,1086209.2986,5430.8,,,,,1,0,0,0,0,,,CFFEX,,5438.8,IC2401,5431.6,4893.2,5423.4,99413.0,5431.8,5431.8,,99964.0,5436.8,,20240102,1084036880.0,600,09:30:44,5980.4,998
20240102,5432.2,,,,,4,0,0,0,0,1086210.26866,5430.4,,,,,2,0,0,0,0,,,CFFEX,,5438.8,IC2401,5432.2,4893.2,5423.4,99411.0,5431.8,5431.8,,99964.0,5436.8,,20240102,1091641320.0,100,09:30:45,5980.4,1005
20240102,5432.0,,,,,4,0,0,0,0,1086210.17893,5430.6,,,,,6,0,0,0,0,,,CFFEX,,5438.8,IC2401,5430.6,4893.2,5423.4,99410.0,5431.8,5431.8,,99964.0,5436.8,,20240102,1092727440.0,600,09:30:45,5980.4,1006
20240102,5432.2,,,,,2,0,0,0,0,1086210.61386,5430.8,,,,,3,0,0,0,0,,,CFFEX,,5438.8,IC2401,5432.0,4893.2,5423.4,99407.0,5431.8,5431.8,,99964.0,5436.8,,20240102,1097072720.0,100,09:30:46,5980.4,1010
20240102,5433.0,,,,,5,0,0,0,0,1086212.35005,5432.8,,,,,1,0,0,0,0,,,CFFEX,,5438.8,IC2401,5432.6,4893.2,5423.4,99402.0,5431.8,5431.8,,99964.0,5436.8,,20240102,1104677960.0,600,09:30:46,5980.4,1017
20240102,5435.8,,,,,1,0,0,0,0,1086218.78025,5433.2,,,,,2,0,0,0,0,,,CFFEX,,5438.8,IC2401,5433.2,4893.2,5423.4,99391.0,5431.8,5431.8,,99964.0,5436.8,,20240102,1122064000.0,100,09:30:47,5980.4,1033
20240102,5435.6,,,,,2,0,0,0,0,1086221.87078,5434.0,,,,,2,0,0,0,0,,,CFFEX,,5438.8,IC2401,5434.4,4893.2,5423.4,99387.0,5431.8,5431.8,,99964.0,5436.8,,20240102,1126412080.0,600,09:30:47,5980.4,1037
20240102,5436.8,,,,,2,0,0,0,0,1086228.74641,5434.6,,,,,3,0,0,0,0,,,CFFEX,,5438.8,IC2401,5434.6,4893.2,5423.4,99382.0,5431.8,5431.8,,99964.0,5436.8,,20240102,1135109040.0,100,09:30:48,5980.4,1045
20240102,5436.6,,,,,1,0,0,0,0,1086231.10687,5435.2,,,,,3,0,0,0,0,,,CFFEX,,5438.8,IC2401,5436.6,4893.2,5423.4,99380.0,5431.8,5431.8,,99964.0,5436.8,,20240102,1138370200.0,600,09:30:48,5980.4,1048
20240102,5436.4,,,,,3,0,0,0,0,1086233.02857,5435.8,,,,,2,0,0,0,0,,,CFFEX,,5438.8,IC2401,5435.8,4893.2,5423.4,99378.0,5431.8,5431.8,,99964.0,5436.8,,20240102,1140544680.0,100,09:30:49,5980.4,1050
20240102,5435.2,,,,,2,0,0,0,0,1086244.99531,5434.2,,,,,2,0,0,0,0,,,CFFEX,,5438.8,IC2401,5434.8,4893.2,5423.4,99371.0,5431.8,5431.8,,99964.0,5436.8,,20240102,1156850920.0,600,09:30:49,5980.4,1065
20240102,5434.0,,,,,1,0,0,0,0,1086249.68343,5433.2,,,,,1,0,0,0,0,,,CFFEX,,5438.8,IC2401,5434.0,4893.2,5423.4,99364.0,5431.8,5431.8,,99964.0,5436.8,,20240102,1166632160.0,100,09:30:50,5980.4,1074
20240102,5434.0,,,,,2,0,0,0,0,1086252.17391,5431.8,,,,,1,0,0,0,0,,,CFFEX,,5438.8,IC2401,5433.2,4893.2,5423.4,99361.0,5431.8,5431.8,,99964.0,5436.8,,20240102,1174238600.0,600,09:30:50,5980.4,1081
20240102,5433.2,,,,,1,0,0,0,0,1086252.17391,5432.2,,,,,1,0,0,0,0,,,CFFEX,,5438.8,IC2401,5433.2,4893.2,5423.4,99361.0,5431.8,5431.8,,99964.0,5436.8,,20240102,1174238600.0,100,09:30:51,5980.4,1081
20240102,5433.8,,,,,3,0,0,0,0,1086253.24723,5432.4,,,,,2,0,0,0,0,,,CFFEX,,5438.8,IC2401,5433.2,4893.2,5423.4,99360.0,5431.8,5431.8,,99964.0,5436.8,,20240102,1177498520.0,600,09:30:51,5980.4,1084
20240102,5433.6,,,,,1,0,0,0,0,1086254.33824,5432.6,,,,,3,0,0,0,0,,,CFFEX,,5438.8,IC2401,5432.6,4893.2,5423.4,99357.0,5431.8,5431.8,,99964.0,5436.8,,20240102,1181844720.0,100,09:30:52,5980.4,1088
20240102,5433.4,,,,,1,0,0,0,0,1086254.82569,5432.4,,,,,2,0,0,0,0,,,CFFEX,,5438.8,IC2401,5432.6,4893.2,5423.4,99357.0,5431.8,5431.8,,99964.0,5436.8,,20240102,1184017760.0,600,09:30:52,5980.4,1090
20240102,5434.8,,,,,1,0,0,0,0,1086257.29927,5434.4,,,,,1,0,0,0,0,,,CFFEX,,5438.8,IC2401,5433.8,4893.2,5423.4,99353.0,5431.8,5431.8,,99964.0,5436.8,,20240102,1190538000.0,100,09:30:53,5980.4,1096
20240102,5434.6,,,,,2,0,0,0,0,1086258.43352,5432.6,,,,,1,0,0,0,0,,,CFFEX,,5438.8,IC2401,5434.4,4893.2,5423.4,99351.0,5431.8,5431.8,,99964.0,5436.8,,20240102,1192711760.0,600,09:30:53,5980.4,1098
20240102,5435.2,,,,,1,0,0,0,0,1086264.51264,5432.8,,,,,13,0,0,0,0,,,CFFEX,,5438.8,IC2401,5435.2,4893.2,5423.4,99342.0,5431.8,5431.8,,99964.0,5436.8,,20240102,1203581080.0,100,09:30:54,5980.4,1108
20240102,5434.4,,,,,3,0,0,0,0,1086265.13977,5433.6,,,,,1,0,0,0,0,,,CFFEX,,5438.8,IC2401,5434.8,4893.2,5423.4,99341.0,5431.8,5431.8,,99964.0,5436.8,,20240102,1204668040.0,600,09:30:54,5980.4,1109
20240102,5435.0,,,,,1,0,0,0,0,1086267.34951,5434.0,,,,,1,0,0,0,0,,,CFFEX,,5438.8,IC2401,5434.4,4893.2,5423.4,99341.0,5431.8,5431.8,,99964.0,5436.8,,20240102,1209015560.0,100,09:30:55,5980.4,1113
20240102,5435.0,,,,,1,0,0,0,0,1086268.26906,5433.0,,,,,2,0,0,0,0,,,CFFEX,,5438.8,IC2401,5433.8,4893.2,5423.4,99340.0,5431.8,5431.8,,99964.0,5436.8,,20240102,1211189120.0,600,09:30:55,5980.4,1115
20240102,5435.0,,,,,1,0,0,0,0,1086268.93465,5433.2,,,,,12,0,0,0,0,,,CFFEX,,5438.8,IC2401,5433.2,4893.2,5423.4,99338.0,5431.8,5431.8,,99964.0,5436.8,,20240102,1213362400.0,100,09:30:56,5980.4,1117
20240102,5434.8,,,,,4,0,0,0,0,1086269.26655,5433.4,,,,,2,0,0,0,0,,,CFFEX,,5438.8,IC2401,5433.2,4893.2,5423.4,99337.0,5431.8,5431.8,,99964.0,5436.8,,20240102,1214449040.0,600,09:30:56,5980.4,1118
20240102,5434.6,,,,,2,0,0,0,0,1086269.92857,5433.4,,,,,1,0,0,0,0,,,CFFEX,,5438.8,IC2401,5433.2,4893.2,5423.4,99336.0,5431.8,5431.8,,99964.0,5436.8,,20240102,1216622320.0,100,09:30:57,5980.4,1120
20240102,5434.4,,,,,5,0,0,0,0,1086272.55979,5432.0,,,,,2,0,0,0,0,,,CFFEX,,5438.8,IC2401,5432.8,4893.2,5423.4,99328.0,5431.8,5431.8,,99964.0,5436.8,,20240102,1226401720.0,600,09:30:57,5980.4,1129
20240102,5432.0,,,,,1,0,0,0,0,1086273.86503,5431.8,,,,,32,0,0,0,0,,,CFFEX,,5438.8,IC2401,5431.8,4893.2,5423.4,99320.0,5431.8,5431.8,,99964.0,5436.8,,20240102,1239438480.0,100,09:30:58,5980.4,1141
20240102,5431.4,,,,,2,0,0,0,0,1086276.46259,5430.2,,,,,1,0,0,0,0,,,CFFEX,,5438.8,IC2401,5431.8,4893.2,5423.4,99296.0,5431.8,5431.8,,99964.0,5436.8,,20240102,1277461120.0,600,09:30:58,5980.4,1176
20240102,5431.2,,,,,8,0,0,0,0,1086275.63452,5429.8,,,,,1,0,0,0,0,,,CFFEX,,5438.8,IC2401,5430.2,4893.2,5423.4,99292.0,5431.8,5431.8,,99964.0,5436.8,,20240102,1283977800.0,100,09:30:59,5980.4,1182
20240102,5431.0,,,,,3,0,0,0,0,1086275.30405,5429.8,,,,,1,0,0,0,0,,,CFFEX,,5438.8,IC2401,5431.0,4893.2,5423.4,99291.0,5431.8,5431.8,,99964.0,5436.8,,20240102,1286149960.0,600,09:30:59,5980.4,1184
20240102,5434.0,,,,,1,0,0,0,0,1086274.82902,5430.0,,,,,3,0,0,0,0,,,CFFEX,,5438.8,IC2401,5431.0,4893.2,5423.4,99282.0,5431.8,5431.8,,99964.0,5436.8,,20240102,1302443520.0,100,09:31:00,5980.4,1199
20240102,5432.6,,,,,1,0,0,0,0,1086274.45183,5430.8,,,,,1,0,0,0,0,,,CFFEX,,5438.8,IC2401,5431.0,4893.2,5423.4,99278.0,5431.8,5431.8,,99964.0,5436.8,,20240102,1307874440.0,600,09:31:00,5980.4,1204
20240102,5433.8,,,,,7,0,0,0,0,1086277.06271,5431.4,,,,,1,0,0,0,0,,,CFFEX,,5438.8,IC2401,5433.8,4893.2,5423.4,99270.0,5431.8,5431.8,,99964.0,5436.8,,20240102,1316567800.0,100,09:31:01,5980.4,1212
20240102,5433.6,,,,,1,0,0,0,0,1086278.09211,5432.0,,,,,2,0,0,0,0,,,CFFEX,,5438.8,IC2401,5433.2,4893.2,5423.4,99268.0,5431.8,5431.8,,99964.0,5436.8,,20240102,1320914160.0,600,09:31:01,5980.4,1216
20240102,5433.6,,,,,3,0,0,0,0,1086280.0982,5432.6,,,,,5,0,0,0,0,,,CFFEX,,5438.8,IC2401,5433.6,4893.2,5423.4,99265.0,5431.8,5431.8,,99964.0,5436.8,,20240102,1327434280.0,100,09:31:02,5980.4,1222
20240102,5433.4,,,,,4,0,0,0,0,1086284.07767,5432.8,,,,,3,0,0,0,0,,,CFFEX,,5438.8,IC2401,5433.4,4893.2,5423.4,99254.0,5431.8,5431.8,,99964.0,5436.8,,20240102,1342647120.0,600,09:31:02,5980.4,1236
20240102,5435.2,,,,,1,0,0,0,0,1086288.42274,5433.4,,,,,1,0,0,0,0,,,CFFEX,,5438.8,IC2401,5434.8,4893.2,5423.4,99242.0,5431.8,5431.8,,99964.0,5436.8,,20240102,1356774240.0,100,09:31:03,5980.4,1249
20240102,5435.0,,,,,6,0,0,0,0,1086289.26518,5432.8,,,,,1,0,0,0,0,,,CFFEX,,5438.8,IC2401,5432.8,4893.2,5423.4,99240.0,5431.8,5431.8,,99964.0,5436.8,,20240102,1360034160.0,600,09:31:03,5980.4,1252
20240102,5435.0,,,,,3,0,0,0,0,1086290.1992,5433.0,,,,,7,0,0,0,0,,,CFFEX,,5438.8,IC2401,5433.0,4893.2,5423.4,99238.0,5431.8,5431.8,,99964.0,5436.8,,20240102,1363294200.0,100,09:31:04,5980.4,1255
20240102,5435.0,,,,,4,0,0,0,0,1086290.44586,5434.0,,,,,1,0,0,0,0,,,CFFEX,,5438.8,IC2401,5433.0,4893.2,5423.4,99237.0,5431.8,5431.8,,99964.0,5436.8,,20240102,1364380800.0,600,09:31:04,5980.4,1256
20240102,5433.8,,,,,1,0,0,0,0,1086293.21739,5433.2,,,,,1,0,0,0,0,,,CFFEX,,5438.8,IC2401,5434.0,4893.2,5423.4,99231.0,5431.8,5431.8,,99964.0,5436.8,,20240102,1374160920.0,100,09:31:05,5980.4,1265
20240102,5433.2,,,,,1,0,0,0,0,1086294.45669,5432.0,,,,,2,0,0,0,0,,,CFFEX,,5438.8,IC2401,5433.0,4893.2,5423.4,99231.0,5431.8,5431.8,,99964.0,5436.8,,20240102,1379593960.0,600,09:31:05,5980.4,1270
20240102,5432.0,,,,,7,0,0,0,0,1086296.19345,5431.6,,,,,1,0,0,0,0,,,CFFEX,,5438.8,IC2401,5432.0,4893.2,5423.4,99223.0,5431.8,5431.8,,99964.0,5436.8,,20240102,1392631720.0,100,09:31:06,5980.4,1282
20240102,5431.8,,,,,3,0,0,0,0,1086296.61865,5430.8,,,,,2,0,0,0,0,,,CFFEX,,5438.8,IC2401,5431.6,4893.2,5423.4,99189.0,5431.8,5431.8,,99964.0,5436.8,,20240102,1432825240.0,600,09:31:06,5980.4,1319
20240102,5430.8,,,,,14,0,0,0,0,1086296.01208,5430.2,,,,,2,0,0,0,0,,,CFFEX,,5438.8,IC2401,5430.2,4893.2,5423.4,99186.0,5431.8,5431.8,,99964.0,5436.8,,20240102,1438255920.0,100,09:31:07,5980.4,1324
20240102,5429.6,,,,,1,0,0,0,0,1086294.13174,5429.2,,,,,1,0,0,0,0,,,CFFEX,,5438.8,IC2401,5430.2,4893.2,5423.4,99181.0,5431.8,5431.8,,99964.0,5436.8,,20240102,1451288960.0,600,09:31:07,5980.4,1336
20240102,5429.2,,,,,3,0,0,0,0,1086289.55621,5428.8,,,,,3,0,0,0,0,,,CFFEX,,5438.8,IC2401,5428.8,4893.2,5423.4,99169.0,5431.8,5431.8,,99964.0,5436.8,,20240102,1468663480.0,100,09:31:08,5980.4,1352
20240102,5430.6,,,,,3,0,0,0,0,1086285.98679,5429.0,,,,,1,0,0,0,0,,,CFFEX,,5438.8,IC2401,5429.0,4893.2,5423.4,99162.0,5431.8,5431.8,,99964.0,5436.8,,20240102,1480607800.0,600,09:31:08,5980.4,1363
20240102,5429.0,,,,,3,0,0,0,0,1086283.85683,5428.8,,,,,2,0,0,0,0,,,CFFEX,,5438.8,IC2401,5429.0,4893.2,5423.4,99158.0,5431.8,5431.8,,99964.0,5436.8,,20240102,1487122600.0,100,09:31:09,5980.4,1369
20240102,5428.8,,,,,2,0,0,0,0,1086279.36232,5428.2,,,,,10,0,0,0,0,,,CFFEX,,5438.8,IC2401,5428.2,4893.2,5423.4,99157.0,5431.8,5431.8,,99964.0,5436.8,,20240102,1499065520.0,600,09:31:09,5980.4,1380
20240102,5427.8,,,,,1,0,0,0,0,1086273.51041,5426.8,,,,,3,0,0,0,0,,,CFFEX,,5438.8,IC2401,5428.2,4893.2,5423.4,99157.0,5431.8,5431.8,,99964.0,5436.8,,20240102,1513179000.0,100,09:31:10,5980.4,1393
20240102,5428.8,,,,,1,0,0,0,0,1086270.17143,5428.0,,,,,2,0,0,0,0,,,CFFEX,,5438.8,IC2401,5428.0,4893.2,5423.4,99156.0,5431.8,5431.8,,99964.0,5436.8,,20240102,1520778240.0,600,09:31:10,5980.4,1400
20240102,5433.0,,,,,2,0,0,0,0,1086262.4877,5428.2,,,,,2,0,0,0,0,,,CFFEX,,5438.8,IC2401,5428.2,4893.2,5423.4,99138.0,5431.8,5431.8,,99964.0,5436.8,,20240102,1545751520.0,100,09:31:11,5980.4,1423
20240102,5431.6,,,,,1,0,0,0,0,1086261.62693,5428.4,,,,,20,0,0,0,0,,,CFFEX,,5438.8,IC2401,5428.4,4893.2,5423.4,99137.0,5431.8,5431.8,,99964.0,5436.8,,20240102,1549009080.0,600,09:31:11,5980.4,1426
20240102,5431.2,,,,,1,0,0,0,0,1086260.50209,5428.8,,,,,1,0,0,0,0,,,CFFEX,,5438.8,IC2401,5429.4,4893.2,5423.4,99132.0,5431.8,5431.8,,99964.0,5436.8,,20240102,1557697560.0,100,09:31:12,5980.4,1434
20240102,5431.0,,,,,1,0,0,0,0,1086259.90271,5429.6,,,,,2,0,0,0,0,,,CFFEX,,5438.8,IC2401,5430.6,4893.2,5423.4,99130.0,5431.8,5431.8,,99964.0,5436.8,,20240102,1563128000.0,600,09:31:12,5980.4,1439
20240102,5432.6,,,,,1,0,0,0,0,1086259.49001,5430.2,,,,,3,0,0,0,0,,,CFFEX,,5438.8,IC2401,5430.2,4893.2,5423.4,99123.0,5431.8,5431.8,,99964.0,5436.8,,20240102,1576162520.0,100,09:31:13,5980.4,1451
20240102,5432.4,,,,,1,0,0,0,0,1086259.68341,5430.8,,,,,2,0,0,0,0,,,CFFEX,,5438.8,IC2401,5431.6,4893.2,5423.4,99121.0,5431.8,5431.8,,99964.0,5436.8,,20240102,1578335320.0,600,09:31:13,5980.4,1453
20240102,5432.8,,,,,1,0,0,0,0,1086260.72653,5431.4,,,,,2,0,0,0,0,,,CFFEX,,5438.8,IC2401,5432.6,4893.2,5423.4,99120.0,5431.8,5431.8,,99964.0,5436.8,,20240102,1584854400.0,100,09:31:14,5980.4,1459
20240102,5432.6,,,,,1,0,0,0,0,1086261.37884,5431.6,,,,,6,0,0,0,0,,,CFFEX,,5438.8,IC2401,5431.8,4893.2,5423.4,99117.0,5431.8,5431.8,,99964.0,5436.8,,20240102,1591372920.0,600,09:31:14,5980.4,1465
20240102,5433.0,,,,,1,0,0,0,0,1086261.97145,5431.6,,,,,10,0,0,0,0,,,CFFEX,,5438.8,IC2401,5431.8,4893.2,5423.4,99115.0,5431.8,5431.8,,99964.0,5436.8,,20240102,1597891360.0,100,09:31:15,5980.4,1471
20240102,5431.8,,,,,1,0,0,0,0,1086262.31864,5431.6,,,,,9,0,0,0,0,,,CFFEX,,5438.8,IC2401,5431.6,4893.2,5423.4,99113.0,5431.8,5431.8,,99964.0,5436.8,,20240102,1602236920.0,600,09:31:15,5980.4,1475
20240102,5433.0,,,,,1,0,0,0,0,1086262.61808,5432.2,,,,,1,0,0,0,0,,,CFFEX,,5438.8,IC2401,5431.6,4893.2,5423.4,99109.0,5431.8,5431.8,,99964.0,5436.8,,20240102,1609841200.0,100,09:31:16,5980.4,1482
20240102,5433.0,,,,,2,0,0,0,0,1086263.86059,5432.2,,,,,1,0,0,0,0,,,CFFEX,,5438.8,IC2401,5432.8,4893.2,5423.4,99104.0,5431.8,5431.8,,99964.0,5436.8,,20240102,1620705680.0,600,09:31:16,5980.4,1492
20240102,5432.6,,,,,1,0,0,0,0,1086264.50836,5432.4,,,,,1,0,0,0,0,,,CFFEX,,5438.8,IC2401,5433.0,4893.2,5423.4,99102.0,5431.8,5431.8,,99964.0,5436.8,,20240102,1623965440.0,100,09:31:17,5980.4,1495
20240102,5434.8,,,,,1,0,0,0,0,1086265.19013,5433.4,,,,,1,0,0,0,0,,,CFFEX,,5438.8,IC2401,5432.6,4893.2,5423.4,99098.0,5431.8,5431.8,,99964.0,5436.8,,20240102,1628311520.0,600,09:31:17,5980.4,1499
20240102,5434.6,,,,,4,0,0,0,0,1086267.91501,5433.4,,,,,2,0,0,0,0,,,CFFEX,,5438.8,IC2401,5433.4,4893.2,5423.4,99093.0,5431.8,5431.8,,99964.0,5436.8,,20240102,1635919480.0,100,09:31:18,5980.4,1506
20240102,5435.8,,,,,2,0,0,0,0,1086273.52632,5433.4,,,,,3,0,0,0,0,,,CFFEX,,5438.8,IC2401,5433.6,4893.2,5423.4,99081.0,5431.8,5431.8,,99964.0,5436.8,,20240102,1651135760.0,600,09:31:18,5980.4,1520
20240102,5435.6,,,,,7,0,0,0,0,1086275.2,5434.6,,,,,1,0,0,0,0,,,CFFEX,,5438.8,IC2401,5435.2,4893.2,5423.4,99076.0,5431.8,5431.8,,99964.0,5436.8,,20240102,1656569680.0,100,09:31:19,5980.4,1525
20240102,5435.4,,,,,2,0,0,0,0,1086276.5445,5434.6,,,,,4,0,0,0,0,,,CFFEX,,5438.8,IC2401,5434.6,4893.2,5423.4,99074.0,5431.8,5431.8,,99964.0,5436.8,,20240102,1659830560.0,600,09:31:19,5980.4,1528
20240102,5435.4,,,,,3,0,0,0,0,1086277.88374,5434.6,,,,,8,0,0,0,0,,,CFFEX,,5438.8,IC2401,5434.6,4893.2,5423.4,99073.0,5431.8,5431.8,,99964.0,5436.8,,20240102,1663091440.0,100,09:31:20,5980.4,1531
20240102,5435.4,,,,,2,0,0,0,0,1086283.29016,5434.6,,,,,10,0,0,0,0,,,CFFEX,,5438.8,IC2401,5434.6,4893.2,5423.4,99071.0,5431.8,5431.8,,99964.0,5436.8,,20240102,1677221400.0,600,09:31:20,5980.4,1544
20240102,5435.4,,,,,1,0,0,0,0,1086288.8632,5434.6,,,,,10,0,0,0,0,,,CFFEX,,5438.8,IC2401,5434.8,4893.2,5423.4,99068.0,5431.8,5431.8,,99964.0,5436.8,,20240102,1691351760.0,100,09:31:21,5980.4,1557
20240102,5435.2,,,,,1,0,0,0,0,1086290.25641,5434.6,,,,,10,0,0,0,0,,,CFFEX,,5438.8,IC2401,5434.6,4893.2,5423.4,99066.0,5431.8,5431.8,,99964.0,5436.8,,20240102,1694612800.0,600,09:31:21,5980.4,1560
20240102,5435.6,,,,,5,0,0,0,0,1086294.14914,5435.2,,,,,1,0,0,0,0,,,CFFEX,,5438.8,IC2401,5435.2,4893.2,5423.4,99067.0,5431.8,5431.8,,99964.0,5436.8,,20240102,1704395520.0,100,09:31:22,5980.4,1569
20240102,5434.8,,,,,1,0,0,0,0,1086295.96949,5434.6,,,,,6,0,0,0,0,,,CFFEX,,5438.8,IC2401,5434.6,4893.2,5423.4,99067.0,5431.8,5431.8,,99964.0,5436.8,,20240102,1708743560.0,600,09:31:22,5980.4,1573
20240102,5434.0,,,,,1,0,0,0,0,1086309.95649,5433.6,,,,,2,0,0,0,0,,,CFFEX,,5438.8,IC2401,5433.6,4893.2,5423.4,99044.0,5431.8,5431.8,,99964.0,5436.8,,20240102,1747872720.0,100,09:31:23,5980.4,1609
20240102,5435.4,,,,,2,0,0,0,0,1086314.63054,5434.8,,,,,3,0,0,0,0,,,CFFEX,,5438.8,IC2401,5435.4,4893.2,5423.4,99032.0,5431.8,5431.8,,99964.0,5436.8,,20240102,1764174960.0,600,09:31:23,5980.4,1624
20240102,5434.2,,,,,2,0,0,0,0,1086316.61142,5433.8,,,,,2,0,0,0,0,,,CFFEX,,5438.8,IC2401,5434.8,4893.2,5423.4,99029.0,5431.8,5431.8,,99964.0,5436.8,,20240102,1769609760.0,100,09:31:24,5980.4,1629
20240102,5433.6,,,,,1,0,0,0,0,1086318.11506,5433.2,,,,,1,0,0,0,0,,,CFFEX,,5438.8,IC2401,5433.8,4893.2,5423.4,99029.0,5431.8,5431.8,,99964.0,5436.8,,20240102,1775043800.0,600,09:31:24,5980.4,1634
20240102,5435.0,,,,,2,0,0,0,0,1086320.99757,5433.6,,,,,3,0,0,0,0,,,CFFEX,,5438.8,IC2401,5433.6,4893.2,5423.4,99025.0,5431.8,5431.8,,99964.0,5436.8,,20240102,1785911720.0,100,09:31:25,5980.4,1644
20240102,5434.0,,,,,1,0,0,0,0,1086321.91864,5433.6,,,,,1,0,0,0,0,,,CFFEX,,5438.8,IC2401,5433.6,4893.2,5423.4,99023.0,5431.8,5431.8,,99964.0,5436.8,,20240102,1789172200.0,600,09:31:25,5980.4,1647
20240102,5434.8,,,,,1,0,0,0,0,1086322.78788,5434.0,,,,,1,0,0,0,0,,,CFFEX,,5438.8,IC2401,5434.0,4893.2,5423.4,99021.0,5431.8,5431.8,,99964.0,5436.8,,20240102,1792432600.0,100,09:31:26,5980.4,1650
20240102,5434.8,,,,,1,0,0,0,0,1086323.79915,5434.0,,,,,2,0,0,0,0,,,CFFEX,,5438.8,IC2401,5434.6,4893.2,5423.4,99020.0,5431.8,5431.8,,99964.0,5436.8,,20240102,1795693240.0,600,09:31:26,5980.4,1653
20240102,5436.8,,,,,3,0,0,0,0,1086326.6305,5434.0,,,,,2,0,0,0,0,,,CFFEX,,5438.8,IC2401,5435.8,4893.2,5423.4,99017.0,5431.8,5431.8,,99964.0,5436.8,,20240102,1802215880.0,100,09:31:27,5980.4,1659
20240102,5436.6,,,,,5,0,0,0,0,1086327.27273,5434.2,,,,,4,0,0,0,0,,,CFFEX,,5438.8,IC2401,5434.2,4893.2,5423.4,99015.0,5431.8,5431.8,,99964.0,5436.8,,20240102,1804389600.0,600,09:31:27,5980.4,1661
20240102,5436.4,,,,,5,0,0,0,0,1086327.27273,5434.2,,,,,5,0,0,0,0,,,CFFEX,,5438.8,IC2401,5434.2,4893.2,5423.4,99015.0,5431.8,5431.8,,99964.0,5436.8,,20240102,1804389600.0,100,09:31:28,5980.4,1661
20240102,5435.0,,,,,1,0,0,0,0,1086327.88936,5434.4,,,,,1,0,0,0,0,,,CFFEX,,5438.8,IC2401,5434.2,4893.2,5423.4,99014.0,5431.8,5431.8,,99964.0,5436.8,,20240102,1806563280.0,600,09:31:28,5980.4,1663
20240102,5435.8,,,,,1,0,0,0,0,1086330.49102,5434.2,,,,,2,0,0,0,0,,,CFFEX,,5438.8,IC2401,5434.4,4893.2,5423.4,99010.0,5431.8,5431.8,,99964.0,5436.8,,20240102,1814171920.0,100,09:31:29,5980.4,1670
20240102,5435.6,,,,,2,0,0,0,0,1086331.73939,5435.0,,,,,2,0,0,0,0,,,CFFEX,,5438.8,IC2401,5435.6,4893.2,5423.4,99011.0,5431.8,5431.8,,99964.0,5436.8,,20240102,1817433000.0,600,09:31:29,5980.4,1673
20240102,5435.6,,,,,1,0,0,0,0,1086334.64286,5434.2,,,,,1,0,0,0,0,,,CFFEX,,5438.8,IC2401,5435.0,4893.2,5423.4,99009.0,5431.8,5431.8,,99964.0,5436.8,,20240102,1825042200.0,100,09:31:30,5980.4,1680
20240102,5435.0,,,,,1,0,0,0,0,1086334.96728,5434.2,,,,,7,0,0,0,0,,,CFFEX,,5438.8,IC2401,5434.4,4893.2,5423.4,99008.0,5431.8,5431.8,,99964.0,5436.8,,20240102,1826129080.0,600,09:31:30,5980.4,1681
20240102,5435.4,,,,,2,0,0,0,0,1086335.68627,5434.4,,,,,1,0,0,0,0,,,CFFEX,,5438.8,IC2401,5434.4,4893.2,5423.4,99008.0,5431.8,5431.8,,99964.0,5436.8,,20240102,1828302960.0,100,09:31:31,5980.4,1683
20240102,5436.4,,,,,3,0,0,0,0,1086338.80544,5435.6,,,,,5,0,0,0,0,,,CFFEX,,5438.8,IC2401,5435.6,4893.2,5423.4,99003.0,5431.8,5431.8,,99964.0,5436.8,,20240102,1836998920.0,600,09:31:31,5980.4,1691
20240102,5436.2,,,,,1,0,0,0,0,1086344.0658,5433.8,,,,,2,0,0,0,0,,,CFFEX,,5438.8,IC2401,5435.6,4893.2,5423.4,98994.0,5431.8,5431.8,,99964.0,5436.8,,20240102,1848957600.0,100,09:31:32,5980.4,1702
20240102,5436.0,,,,,5,0,0,0,0,1086344.47446,5435.6,,,,,5,0,0,0,0,,,CFFEX,,5438.8,IC2401,5435.2,4893.2,5423.4,98994.0,5431.8,5431.8,,99964.0,5436.8,,20240102,1850044640.0,600,09:31:32,5980.4,1703
20240102,5435.8,,,,,2,0,0,0,0,1086347.36103,5435.6,,,,,5,0,0,0,0,,,CFFEX,,5438.8,IC2401,5435.8,4893.2,5423.4,98993.0,5431.8,5431.8,,99964.0,5436.8,,20240102,1856567640.0,100,09:31:33,5980.4,1709
20240102,5436.4,,,,,1,0,0,0,0,1086349.25861,5435.6,,,,,6,0,0,0,0,,,CFFEX,,5438.8,IC2401,5435.8,4893.2,5423.4,98991.0,5431.8,5431.8,,99964.0,5436.8,,20240102,1860916280.0,600,09:31:33,5980.4,1713
20240102,5436.8,,,,,4,0,0,0,0,1086351.38031,5435.6,,,,,5,0,0,0,0,,,CFFEX,,5438.8,IC2401,5436.4,4893.2,5423.4,98988.0,5431.8,5431.8,,99964.0,5436.8,,20240102,1865265320.0,100,09:31:34,5980.4,1717
20240102,5435.0,,,,,1,0,0,0,0,1086353.98723,5434.0,,,,,4,0,0,0,0,,,CFFEX,,5438.8,IC2401,5435.0,4893.2,5423.4,98988.0,5431.8,5431.8,,99964.0,5436.8,,20240102,1871787920.0,600,09:31:34,5980.4,1723
20240102,5435.0,,,,,2,0,0,0,0,1086355.04056,5434.4,,,,,1,0,0,0,0,,,CFFEX,,5438.8,IC2401,5434.4,4893.2,5423.4,98985.0,5431.8,5431.8,,99964.0,5436.8,,20240102,1875048800.0,100,09:31:35,5980.4,1726
20240102,5436.0,,,,,1,0,0,0,0,1086356.06709,5435.0,,,,,1,0,0,0,0,,,CFFEX,,5438.8,IC2401,5434.2,4893.2,5423.4,98982.0,5431.8,5431.8,,99964.0,5436.8,,20240102,1878309640.0,600,09:31:35,5980.4,1729
20240102,5434.4,,,,,1,0,0,0,0,1086356.81109,5434.0,,,,,2,0,0,0,0,,,CFFEX,,5438.8,IC2401,5435.0,4893.2,5423.4,98980.0,5431.8,5431.8,,99964.0,5436.8,,20240102,1880483640.0,100,09:31:36,5980.4,1731
20240102,5436.8,,,,,4,0,0,0,0,1086359.47096,5434.4,,,,,5,0,0,0,0,,,CFFEX,,5438.8,IC2401,5436.0,4893.2,5423.4,98975.0,5431.8,5431.8,,99964.0,5436.8,,20240102,1889179120.0,600,09:31:36,5980.4,1739
20240102,5435.0,,,,,1,0,0,0,0,1086363.17533,5434.4,,,,,3,0,0,0,0,,,CFFEX,,5438.8,IC2401,5434.4,4893.2,5423.4,98964.0,5431.8,5431.8,,99964.0,5436.8,,20240102,1902221920.0,100,09:31:37,5980.4,1751
20240102,5434.8,,,,,1,0,0,0,0,1086367.77778,5434.6,,,,,1,0,0,0,0,,,CFFEX,,5438.8,IC2401,5434.4,4893.2,5423.4,98954.0,5431.8,5431.8,,99964.0,5436.8,,20240102,1916352760.0,600,09:31:37,5980.4,1764
20240102,5435.6,,,,,9,0,0,0,0,1086369.47428,5434.2,,,,,1,0,0,0,0,,,CFFEX,,5438.8,IC2401,5434.4,4893.2,5423.4,98951.0,5431.8,5431.8,,99964.0,5436.8,,20240102,1921787600.0,100,09:31:38,5980.4,1769
20240102,5435.4,,,,,1,0,0,0,0,1086369.47428,5434.4,,,,,4,0,0,0,0,,,CFFEX,,5438.8,IC2401,5434.4,4893.2,5423.4,98951.0,5431.8,5431.8,,99964.0,5436.8,,20240102,1921787600.0,600,09:31:38,5980.4,1769
20240102,5435.4,,,,,2,0,0,0,0,1086370.05082,5434.4,,,,,1,0,0,0,0,,,CFFEX,,5438.8,IC2401,5434.4,4893.2,5423.4,98950.0,5431.8,5431.8,,99964.0,5436.8,,20240102,1923961360.0,100,09:31:39,5980.4,1771
20240102,5434.8,,,,,1,0,0,0,0,1086372.08099,5433.0,,,,,4,0,0,0,0,,,CFFEX,,5438.8,IC2401,5434.6,4893.2,5423.4,98949.0,5431.8,5431.8,,99964.0,5436.8,,20240102,1931569560.0,600,09:31:39,5980.4,1778
20240102,5435.4,,,,,1,0,0,0,0,1086372.8018,5433.2,,,,,6,0,0,0,0,,,CFFEX,,5438.8,IC2401,5433.2,4893.2,5423.4,98948.0,5431.8,5431.8,,99964.0,5436.8,,20240102,1934829960.0,100,09:31:40,5980.4,1781
20240102,5434.4,,,,,1,0,0,0,0,1086373.10151,5433.4,,,,,4,0,0,0,0,,,CFFEX,,5438.8,IC2401,5433.2,4893.2,5423.4,98946.0,5431.8,5431.8,,99964.0,5436.8,,20240102,1937003240.0,600,09:31:40,5980.4,1783
20240102,5433.8,,,,,4,0,0,0,0,1086373.10151,5433.4,,,,,5,0,0,0,0,,,CFFEX,,5438.8,IC2401,5433.2,4893.2,5423.4,98946.0,5431.8,5431.8,,99964.0,5436.8,,20240102,1937003240.0,100,09:31:41,5980.4,1783
20240102,5434.4,,,,,2,0,0,0,0,1086374.6287,5433.0,,,,,5,0,0,0,0,,,CFFEX,,5438.8,IC2401,5433.2,4893.2,5423.4,98939.0,5431.8,5431.8,,99964.0,5436.8,,20240102,1945696960.0,600,09:31:41,5980.4,1791
20240102,5434.2,,,,,1,0,0,0,0,1086375.53203,5433.0,,,,,3,0,0,0,0,,,CFFEX,,5438.8,IC2401,5434.2,4893.2,5423.4,98936.0,5431.8,5431.8,,99964.0,5436.8,,20240102,1950044080.0,100,09:31:42,5980.4,1795
20240102,5433.4,,,,,6,0,0,0,0,1086375.82638,5433.0,,,,,3,0,0,0,0,,,CFFEX,,5438.8,IC2401,5433.2,4893.2,5423.4,98935.0,5431.8,5431.8,,99964.0,5436.8,,20240102,1952217360.0,600,09:31:42,5980.4,1797
20240102,5433.4,,,,,5,0,0,0,0,1086376.12007,5433.0,,,,,2,0,0,0,0,,,CFFEX,,5438.8,IC2401,5433.4,4893.2,5423.4,98933.0,5431.8,5431.8,,99964.0,5436.8,,20240102,1954390640.0,100,09:31:43,5980.4,1799
20240102,5434.4,,,,,2,0,0,0,0,1086377.2536,5433.0,,,,,1,0,0,0,0,,,CFFEX,,5438.8,IC2401,5433.0,4893.2,5423.4,98928.0,5431.8,5431.8,,99964.0,5436.8,,20240102,1961997320.0,600,09:31:43,5980.4,1806
20240102,5434.2,,,,,1,0,0,0,0,1086377.37687,5433.4,,,,,1,0,0,0,0,,,CFFEX,,5438.8,IC2401,5433.0,4893.2,5423.4,98928.0,5431.8,5431.8,,99964.0,5436.8,,20240102,1963083920.0,100,09:31:44,5980.4,1807
20240102,5433.6,,,,,2,0,0,0,0,1086377.85635,5432.8,,,,,1,0,0,0,0,,,CFFEX,,5438.8,IC2401,5432.8,4893.2,5423.4,98926.0,5431.8,5431.8,,99964.0,5436.8,,20240102,1966343920.0,600,09:31:44,5980.4,1810
20240102,5434.4,,,,,2,0,0,0,0,1086378.4225,5433.8,,,,,2,0,0,0,0,,,CFFEX,,5438.8,IC2401,5433.6,4893.2,5423.4,98924.0,5431.8,5431.8,,99964.0,5436.8,,20240102,1969604080.0,100,09:31:45,5980.4,1813
20240102,5435.6,,,,,7,0,0,0,0,1086380.68132,5432.8,,,,,1,0,0,0,0,,,CFFEX,,5438.8,IC2401,5434.6,4893.2,5423.4,98922.0,5431.8,5431.8,,99964.0,5436.8,,20240102,1977212840.0,600,09:31:45,5980.4,1820
20240102,5433.2,,,,,1,0,0,0,0,1086381.08612,5433.0,,,,,17,0,0,0,0,,,CFFEX,,5438.8,IC2401,5433.0,4893.2,5423.4,98920.0,5431.8,5431.8,,99964.0,5436.8,,20240102,1980472720.0,100,09:31:46,5980.4,1823
20240102,5435.6,,,,,7,0,0,0,0,1086381.65298,5433.8,,,,,4,0,0,0,0,,,CFFEX,,5438.8,IC2401,5433.2,4893.2,5423.4,98917.0,5431.8,5431.8,,99964.0,5436.8,,20240102,1984819280.0,600,09:31:46,5980.4,1827
20240102,5435.4,,,,,3,0,0,0,0,1086384.34877,5433.8,,,,,4,0,0,0,0,,,CFFEX,,5438.8,IC2401,5433.8,4893.2,5423.4,98911.0,5431.8,5431.8,,99964.0,5436.8,,20240102,1993515280.0,100,09:31:47,5980.4,1835
20240102,5435.4,,,,,1,0,0,0,0,1086385.71739,5434.0,,,,,1,0,0,0,0,,,CFFEX,,5438.8,IC2401,5434.0,4893.2,5423.4,98907.0,5431.8,5431.8,,99964.0,5436.8,,20240102,1998949720.0,600,09:31:47,5980.4,1840
20240102,5434.4,,,,,1,0,0,0,0,1086385.94242,5434.2,,,,,1,0,0,0,0,,,CFFEX,,5438.8,IC2401,5434.0,4893.2,5423.4,98907.0,5431.8,5431.8,,99964.0,5436.8,,20240102,2000036520.0,100,09:31:48,5980.4,1841
20240102,5435.6,,,,,8,0,0,0,0,1086387.01355,5434.4,,,,,1,0,0,0,0,,,CFFEX,,5438.8,IC2401,5434.4,4893.2,5423.4,98903.0,5431.8,5431.8,,99964.0,5436.8,,20240102,2004384040.0,600,09:31:48,5980.4,1845
20240102,5435.4,,,,,1,0,0,0,0,1086387.28061,5434.6,,,,,1,0,0,0,0,,,CFFEX,,5438.8,IC2401,5434.4,4893.2,5423.4,98902.0,5431.8,5431.8,,99964.0,5436.8,,20240102,2005470920.0,100,09:31:49,5980.4,1846
20240102,5435.6,,,,,6,0,0,0,0,1086389.06537,5434.8,,,,,2,0,0,0,0,,,CFFEX,,5438.8,IC2401,5434.8,4893.2,5423.4,98901.0,5431.8,5431.8,,99964.0,5436.8,,20240102,2010906160.0,600,09:31:49,5980.4,1851
20240102,5436.8,,,,,2,0,0,0,0,1086393.5768,5435.0,,,,,1,0,0,0,0,,,CFFEX,,5438.8,IC2401,5434.8,4893.2,5423.4,98899.0,5431.8,5431.8,,99964.0,5436.8,,20240102,2022864840.0,100,09:31:50,5980.4,1862
20240102,5436.6,,,,,1,0,0,0,0,1086394.09554,5435.2,,,,,7,0,0,0,0,,,CFFEX,,5438.8,IC2401,5436.8,4893.2,5423.4,98898.0,5431.8,5431.8,,99964.0,5436.8,,20240102,2023952200.0,600,09:31:50,5980.4,1863
20240102,5436.4,,,,,1,0,0,0,0,1086395.56508,5435.4,,,,,1,0,0,0,0,,,CFFEX,,5438.8,IC2401,5435.4,4893.2,5423.4,98894.0,5431.8,5431.8,,99964.0,5436.8,,20240102,2028300520.0,100,09:31:51,5980.4,1867
20240102,5436.0,,,,,5,0,0,0,0,1086399.08364,5434.4,,,,,4,0,0,0,0,,,CFFEX,,5438.8,IC2401,5435.4,4893.2,5423.4,98889.0,5431.8,5431.8,,99964.0,5436.8,,20240102,2039171080.0,600,09:31:51,5980.4,1877
20240102,5435.8,,,,,8,0,0,0,0,1086400.59543,5434.4,,,,,27,0,0,0,0,,,CFFEX,,5438.8,IC2401,5435.4,4893.2,5423.4,98887.0,5431.8,5431.8,,99964.0,5436.8,,20240102,2043519520.0,100,09:31:52,5980.4,1881
20240102,5436.0,,,,,5,0,0,0,0,1086400.87141,5434.6,,,,,1,0,0,0,0,,,CFFEX,,5438.8,IC2401,5434.6,4893.2,5423.4,98886.0,5431.8,5431.8,,99964.0,5436.8,,20240102,2044606440.0,600,09:31:52,5980.4,1882
20240102,5436.0,,,,,5,0,0,0,0,1086401.42251,5434.6,,,,,2,0,0,0,0,,,CFFEX,,5438.8,IC2401,5434.6,4893.2,5423.4,98884.0,5431.8,5431.8,,99964.0,5436.8,,20240102,2046780280.0,100,09:31:53,5980.4,1884
20240102,5435.8,,,,,3,0,0,0,0,1086401.69761,5435.2,,,,,1,0,0,0,0,,,CFFEX,,5438.8,IC2401,5434.6,4893.2,5423.4,98884.0,5431.8,5431.8,,99964.0,5436.8,,20240102,2047867200.0,600,09:31:53,5980.4,1885
20240102,5434.6,,,,,1,0,0,0,0,1086402.92218,5434.4,,,,,22,0,0,0,0,,,CFFEX,,5438.8,IC2401,5435.0,4893.2,5423.4,98883.0,5431.8,5431.8,,99964.0,5436.8,,20240102,2052215120.0,100,09:31:54,5980.4,1889
20240102,5435.2,,,,,1,0,0,0,0,1086403.69979,5434.4,,,,,20,0,0,0,0,,,CFFEX,,5438.8,IC2401,5434.4,4893.2,5423.4,98881.0,5431.8,5431.8,,99964.0,5436.8,,20240102,2055475800.0,600,09:31:54,5980.4,1892
20240102,5435.2,,,,,1,0,0,0,0,1086404.83122,5434.4,,,,,18,0,0,0,0,,,CFFEX,,5438.8,IC2401,5434.4,4893.2,5423.4,98877.0,5431.8,5431.8,,99964.0,5436.8,,20240102,2059823560.0,100,09:31:55,5980.4,1896
20240102,5435.2,,,,,2,0,0,0,0,1086405.33193,5434.4,,,,,16,0,0,0,0,,,CFFEX,,5438.8,IC2401,5434.4,4893.2,5423.4,98875.0,5431.8,5431.8,,99964.0,5436.8,,20240102,2061997320.0,600,09:31:55,5980.4,1898
20240102,5435.2,,,,,1,0,0,0,0,1086405.91579,5434.4,,,,,16,0,0,0,0,,,CFFEX,,5438.8,IC2401,5435.2,4893.2,5423.4,98875.0,5431.8,5431.8,,99964.0,5436.8,,20240102,2064171240.0,100,09:31:56,5980.4,1900
20240102,5435.2,,,,,3,0,0,0,0,1086406.4143,5434.4,,,,,15,0,0,0,0,,,CFFEX,,5438.8,IC2401,5434.4,4893.2,5423.4,98873.0,5431.8,5431.8,,99964.0,5436.8,,20240102,2066345000.0,600,09:31:56,5980.4,1902
20240102,5435.2,,,,,3,0,0,0,0,1086406.91176,5434.4,,,,,13,0,0,0,0,,,CFFEX,,5438.8,IC2401,5434.4,4893.2,5423.4,98871.0,5431.8,5431.8,,99964.0,5436.8,,20240102,2068518760.0,100,09:31:57,5980.4,1904
20240102,5435.2,,,,,2,0,0,0,0,1086407.98742,5434.4,,,,,10,0,0,0,0,,,CFFEX,,5438.8,IC2401,5434.4,4893.2,5423.4,98867.0,5431.8,5431.8,,99964.0,5436.8,,20240102,2072866440.0,600,09:31:57,5980.4,1908
20240102,5435.2,,,,,2,0,0,0,0,1086408.5445,5434.4,,,,,9,0,0,0,0,,,CFFEX,,5438.8,IC2401,5434.4,4893.2,5423.4,98865.0,5431.8,5431.8,,99964.0,5436.8,,20240102,2075040320.0,100,09:31:58,5980.4,1910
20240102,5435.2,,,,,1,0,0,0,0,1086409.36749,5434.4,,,,,7,0,0,0,0,,,CFFEX,,5438.8,IC2401,5434.4,4893.2,5423.4,98862.0,5431.8,5431.8,,99964.0,5436.8,,20240102,2078301120.0,600,09:31:58,5980.4,1913
20240102,5436.0,,,,,3,0,0,0,0,1086410.52192,5435.2,,,,,1,0,0,0,0,,,CFFEX,,5438.8,IC2401,5436.0,4893.2,5423.4,98860.0,5431.8,5431.8,,99964.0,5436.8,,20240102,2081562560.0,100,09:31:59,5980.4,1916
20240102,5436.0,,,,,3,0,0,0,0,1086411.50599,5434.4,,,,,5,0,0,0,0,,,CFFEX,,5438.8,IC2401,5435.2,4893.2,5423.4,98858.0,5431.8,5431.8,,99964.0,5436.8,,20240102,2084823680.0,600,09:31:59,5980.4,1919
20240102,5435.8,,,,,1,0,0,0,0,1086412.77171,5434.6,,,,,4,0,0,0,0,,,CFFEX,,5438.8,IC2401,5435.8,4893.2,5423.4,98856.0,5431.8,5431.8,,99964.0,5436.8,,20240102,2089171760.0,100,09:32:00,5980.4,1923
20240102,5436.0,,,,,3,0,0,0,0,1086415.01296,5434.8,,,,,1,0,0,0,0,,,CFFEX,,5438.8,IC2401,5435.8,4893.2,5423.4,98851.0,5431.8,5431.8,,99964.0,5436.8,,20240102,2095694560.0,600,09:32:00,5980.4,1929
20240102,5435.8,,,,,1,0,0,0,0,1086415.70171,5435.0,,,,,2,0,0,0,0,,,CFFEX,,5438.8,IC2401,5435.0,4893.2,5423.4,98850.0,5431.8,5431.8,,99964.0,5436.8,,20240102,2097868720.0,100,09:32:01,5980.4,1931
20240102,5436.8,,,,,1,0,0,0,0,1086419.95881,5435.0,,,,,3,0,0,0,0,,,CFFEX,,5438.8,IC2401,5435.4,4893.2,5423.4,98846.0,5431.8,5431.8,,99964.0,5436.8,,20240102,2109827560.0,600,09:32:01,5980.4,1942
20240102,5436.6,,,,,8,0,0,0,0,1086420.59671,5435.2,,,,,6,0,0,0,0,,,CFFEX,,5438.8,IC2401,5435.2,4893.2,5423.4,98844.0,5431.8,5431.8,,99964.0,5436.8,,20240102,2112001640.0,100,09:32:02,5980.4,1944
20240102,5436.4,,,,,5,0,0,0,0,1086421.90965,5435.2,,,,,15,0,0,0,0,,,CFFEX,,5438.8,IC2401,5435.2,4893.2,5423.4,98842.0,5431.8,5431.8,,99964.0,5436.8,,20240102,2116349880.0,600,09:32:02,5980.4,1948
20240102,5436.2,,,,,4,0,0,0,0,1086422.54359,5435.2,,,,,13,0,0,0,0,,,CFFEX,,5438.8,IC2401,5435.2,4893.2,5423.4,98841.0,5431.8,5431.8,,99964.0,5436.8,,20240102,2118523960.0,100,09:32:03,5980.4,1950
20240102,5434.6,,,,,1,0,0,0,0,1086426.96538,5434.4,,,,,1,0,0,0,0,,,CFFEX,,5438.8,IC2401,5435.2,4893.2,5423.4,98828.0,5431.8,5431.8,,99964.0,5436.8,,20240102,2133742560.0,600,09:32:03,5980.4,1964
20240102,5436.2,,,,,3,0,0,0,0,1086429.01523,5434.6,,,,,2,0,0,0,0,,,CFFEX,,5438.8,IC2401,5435.2,4893.2,5423.4,98823.0,5431.8,5431.8,,99964.0,5436.8,,20240102,2140265160.0,100,09:32:04,5980.4,1970
20240102,5436.0,,,,,8,0,0,0,0,1086429.28463,5434.8,,,,,6,0,0,0,0,,,CFFEX,,5438.8,IC2401,5434.8,4893.2,5423.4,98822.0,5431.8,5431.8,,99964.0,5436.8,,20240102,2141352120.0,600,09:32:04,5980.4,1971
20240102,5436.0,,,,,5,0,0,0,0,1086430.4154,5435.0,,,,,2,0,0,0,0,,,CFFEX,,5438.8,IC2401,5436.0,4893.2,5423.4,98820.0,5431.8,5431.8,,99964.0,5436.8,,20240102,2144613640.0,100,09:32:05,5980.4,1974
20240102,5436.0,,,,,4,0,0,0,0,1086430.9919,5434.6,,,,,4,0,0,0,0,,,CFFEX,,5438.8,IC2401,5435.0,4893.2,5423.4,98819.0,5431.8,5431.8,,99964.0,5436.8,,20240102,2146787640.0,600,09:32:05,5980.4,1976
20240102,5435.8,,,,,7,0,0,0,0,1086431.79384,5434.6,,,,,1,0,0,0,0,,,CFFEX,,5438.8,IC2401,5435.2,4893.2,5423.4,98818.0,5431.8,5431.8,,99964.0,5436.8,,20240102,2150048520.0,100,09:32:06,5980.4,1979
20240102,5434.2,,,,,3,0,0,0,0,1086432.92339,5434.0,,,,,1,0,0,0,0,,,CFFEX,,5438.8,IC2401,5434.0,4893.2,5423.4,98817.0,5431.8,5431.8,,99964.0,5436.8,,20240102,2155482920.0,600,09:32:06,5980.4,1984
20240102,5434.8,,,,,8,0,0,0,0,1086438.78788,5434.4,,,,,2,0,0,0,0,,,CFFEX,,5438.8,IC2401,5434.2,4893.2,5423.4,98804.0,5431.8,5431.8,,99964.0,5436.8,,20240102,2187001280.0,100,09:32:07,5980.4,2013
20240102,5435.6,,,,,3,0,0,0,0,1086443.03598,5434.2,,,,,4,0,0,0,0,,,CFFEX,,5438.8,IC2401,5434.2,4893.2,5423.4,98790.0,5431.8,5431.8,,99964.0,5436.8,,20240102,2204392920.0,600,09:32:07,5980.4,2029
20240102,5435.4,,,,,4,0,0,0,0,1086443.03598,5434.4,,,,,3,0,0,0,0,,,CFFEX,,5438.8,IC2401,5434.2,4893.2,5423.4,98790.0,5431.8,5431.8,,99964.0,5436.8,,20240102,2204392920.0,100,09:32:08,5980.4,2029
20240102,5433.6,,,,,1,0,0,0,0,1086444.26536,5433.2,,,,,6,0,0,0,0,,,CFFEX,,5438.8,IC2401,5434.0,4893.2,5423.4,98789.0,5431.8,5431.8,,99964.0,5436.8,,20240102,2210914080.0,600,09:32:08,5980.4,2035
20240102,5433.6,,,,,2,0,0,0,0,1086446.93127,5432.4,,,,,3,0,0,0,0,,,CFFEX,,5438.8,IC2401,5432.6,4893.2,5423.4,98776.0,5431.8,5431.8,,99964.0,5436.8,,20240102,2244599360.0,100,09:32:09,5980.4,2066
20240102,5432.4,,,,,1,0,0,0,0,1086447.00772,5432.0,,,,,1,0,0,0,0,,,CFFEX,,5438.8,IC2401,5432.2,4893.2,5423.4,98770.0,5431.8,5431.8,,99964.0,5436.8,,20240102,2251118200.0,600,09:32:09,5980.4,2072
20240102,5431.2,,,,,1,0,0,0,0,1086446.91715,5430.6,,,,,1,0,0,0,0,,,CFFEX,,5438.8,IC2401,5432.0,4893.2,5423.4,98766.0,5431.8,5431.8,,99964.0,5436.8,,20240102,2255463800.0,100,09:32:10,5980.4,2076
20240102,5431.0,,,,,5,0,0,0,0,1086445.57738,5430.2,,,,,1,0,0,0,0,,,CFFEX,,5438.8,IC2401,5430.2,4893.2,5423.4,98760.0,5431.8,5431.8,,99964.0,5436.8,,20240102,2267411920.0,600,09:32:10,5980.4,2087
20240102,5430.4,,,,,1,0,0,0,0,1086445.12919,5430.0,,,,,3,0,0,0,0,,,CFFEX,,5438.8,IC2401,5430.2,4893.2,5423.4,98758.0,5431.8,5431.8,,99964.0,5436.8,,20240102,2270670320.0,100,09:32:11,5980.4,2090
20240102,5431.0,,,,,3,0,0,0,0,1086443.42857,5430.0,,,,,2,0,0,0,0,,,CFFEX,,5438.8,IC2401,5430.0,4893.2,5423.4,98752.0,5431.8,5431.8,,99964.0,5436.8,,20240102,2281531200.0,600,09:32:11,5980.4,2100
20240102,5429.4,,,,,1,0,0,0,0,1086442.16319,5429.0,,,,,2,0,0,0,0,,,CFFEX,,5438.8,IC2401,5431.4,4893.2,5423.4,98745.0,5431.8,5431.8,,99964.0,5436.8,,20240102,2290220080.0,100,09:32:12,5980.4,2108
20240102,5430.8,,,,,1,0,0,0,0,1086440.28342,5429.6,,,,,2,0,0,0,0,,,CFFEX,,5438.8,IC2401,5429.6,4893.2,5423.4,98738.0,5431.8,5431.8,,99964.0,5436.8,,20240102,2299994080.0,600,09:32:12,5980.4,2117
20240102,5430.2,,,,,1,0,0,0,0,1086439.24635,5429.8,,,,,4,0,0,0,0,,,CFFEX,,5438.8,IC2401,5429.8,4893.2,5423.4,98734.0,5431.8,5431.8,,99964.0,5436.8,,20240102,2306510520.0,100,09:32:13,5980.4,2123
20240102,5431.6,,,,,1,0,0,0,0,1086438.30827,5430.2,,,,,2,0,0,0,0,,,CFFEX,,5438.8,IC2401,5430.2,4893.2,5423.4,98731.0,5431.8,5431.8,,99964.0,5436.8,,20240102,2311940720.0,600,09:32:13,5980.4,2128
20240102,5431.4,,,,,9,0,0,0,0,1086437.97278,5430.2,,,,,1,0,0,0,0,,,CFFEX,,5438.8,IC2401,5431.4,4893.2,5423.4,98728.0,5431.8,5431.8,,99964.0,5436.8,,20240102,2315199320.0,100,09:32:14,5980.4,2131
20240102,5431.2,,,,,2,0,0,0,0,1086437.24977,5430.4,,,,,2,0,0,0,0,,,CFFEX,,5438.8,IC2401,5431.4,4893.2,5423.4,98721.0,5431.8,5431.8,,99964.0,5436.8,,20240102,2322802840.0,600,09:32:14,5980.4,2138
20240102,5431.4,,,,,1,0,0,0,0,1086436.80821,5431.0,,,,,4,0,0,0,0,,,CFFEX,,5438.8,IC2401,5431.0,4893.2,5423.4,98718.0,5431.8,5431.8,,99964.0,5436.8,,20240102,2328234080.0,100,09:32:15,5980.4,2143
20240102,5431.8,,,,,12,0,0,0,0,1086436.4432,5431.4,,,,,3,0,0,0,0,,,CFFEX,,5438.8,IC2401,5431.4,4893.2,5423.4,98718.0,5431.8,5431.8,,99964.0,5436.8,,20240102,2333665480.0,600,09:32:15,5980.4,2148
20240102,5433.4,,,,,9,0,0,0,0,1086435.49425,5431.4,,,,,3,0,0,0,0,,,CFFEX,,5438.8,IC2401,5432.4,4893.2,5423.4,98692.0,5431.8,5431.8,,99964.0,5436.8,,20240102,2362997200.0,100,09:32:16,5980.4,2175
20240102,5433.2,,,,,5,0,0,0,0,1086435.68807,5431.6,,,,,7,0,0,0,0,,,CFFEX,,5438.8,IC2401,5431.6,4893.2,5423.4,98687.0,5431.8,5431.8,,99964.0,5436.8,,20240102,2368429800.0,600,09:32:16,5980.4,2180
20240102,5433.0,,,,,5,0,0,0,0,1086435.63503,5431.8,,,,,3,0,0,0,0,,,CFFEX,,5438.8,IC2401,5431.6,4893.2,5423.4,98686.0,5431.8,5431.8,,99964.0,5436.8,,20240102,2369516120.0,100,09:32:17,5980.4,2181
20240102,5431.4,,,,,6,0,0,0,0,1086434.9658,5431.2,,,,,3,0,0,0,0,,,CFFEX,,5438.8,IC2401,5431.4,4893.2,5423.4,98677.0,5431.8,5431.8,,99964.0,5436.8,,20240102,2382551880.0,600,09:32:17,5980.4,2193
20240102,5430.6,,,,,6,0,0,0,0,1086434.46518,5430.2,,,,,1,0,0,0,0,,,CFFEX,,5438.8,IC2401,5430.4,4893.2,5423.4,98674.0,5431.8,5431.8,,99964.0,5436.8,,20240102,2386896520.0,100,09:32:18,5980.4,2197
20240102,5429.8,,,,,1,0,0,0,0,1086432.58386,5429.4,,,,,2,0,0,0,0,,,CFFEX,,5438.8,IC2401,5429.8,4893.2,5423.4,98672.0,5431.8,5431.8,,99964.0,5436.8,,20240102,2396670280.0,600,09:32:18,5980.4,2206
20240102,5430.6,,,,,1,0,0,0,0,1086431.74661,5429.6,,,,,2,0,0,0,0,,,CFFEX,,5438.8,IC2401,5429.8,4893.2,5423.4,98673.0,5431.8,5431.8,,99964.0,5436.8,,20240102,2401014160.0,100,09:32:19,5980.4,2210
20240102,5430.8,,,,,4,0,0,0,0,1086431.28784,5429.8,,,,,4,0,0,0,0,,,CFFEX,,5438.8,IC2401,5430.2,4893.2,5423.4,98670.0,5431.8,5431.8,,99964.0,5436.8,,20240102,2404272440.0,600,09:32:19,5980.4,2213
20240102,5431.2,,,,,3,0,0,0,0,1086430.34234,5430.0,,,,,4,0,0,0,0,,,CFFEX,,5438.8,IC2401,5430.4,4893.2,5423.4,98669.0,5431.8,5431.8,,99964.0,5436.8,,20240102,2411875360.0,100,09:32:20,5980.4,2220
20240102,5431.4,,,,,4,0,0,0,0,1086429.73944,5430.6,,,,,1,0,0,0,0,,,CFFEX,,5438.8,IC2401,5431.4,4893.2,5423.4,98665.0,5431.8,5431.8,,99964.0,5436.8,,20240102,2418392600.0,600,09:32:20,5980.4,2226
20240102,5431.8,,,,,14,0,0,0,0,1086429.16741,5430.8,,,,,5,0,0,0,0,,,CFFEX,,5438.8,IC2401,5430.8,4893.2,5423.4,98658.0,5431.8,5431.8,,99964.0,5436.8,,20240102,2427082760.0,100,09:32:21,5980.4,2234
20240102,5431.8,,,,,14,0,0,0,0,1086428.92665,5431.0,,,,,2,0,0,0,0,,,CFFEX,,5438.8,IC2401,5430.8,4893.2,5423.4,98656.0,5431.8,5431.8,,99964.0,5436.8,,20240102,2429255080.0,600,09:32:21,5980.4,2236
20240102,5431.8,,,,,16,0,0,0,0,1086428.56632,5430.8,,,,,5,0,0,0,0,,,CFFEX,,5438.8,IC2401,5430.8,4893.2,5423.4,98653.0,5431.8,5431.8,,99964.0,5436.8,,20240102,2432513560.0,100,09:32:22,5980.4,2239
20240102,5430.4,,,,,4,0,0,0,0,1086427.84855,5430.2,,,,,1,0,0,0,0,,,CFFEX,,5438.8,IC2401,5430.4,4893.2,5423.4,98650.0,5431.8,5431.8,,99964.0,5436.8,,20240102,2439030520.0,600,09:32:22,5980.4,2245
20240102,5429.6,,,,,1,0,0,0,0,1086426.58374,5429.4,,,,,2,0,0,0,0,,,CFFEX,,5438.8,IC2401,5429.6,4893.2,5423.4,98648.0,5431.8,5431.8,,99964.0,5436.8,,20240102,2445546240.0,100,09:32:23,5980.4,2251
20240102,5430.2,,,,,2,0,0,0,0,1086424.66578,5429.6,,,,,1,0,0,0,0,,,CFFEX,,5438.8,IC2401,5429.4,4893.2,5423.4,98645.0,5431.8,5431.8,,99964.0,5436.8,,20240102,2454233320.0,600,09:32:23,5980.4,2259
20240102,5429.4,,,,,9,0,0,0,0,1086422.71605,5429.2,,,,,1,0,0,0,0,,,CFFEX,,5438.8,IC2401,5429.2,4893.2,5423.4,98639.0,5431.8,5431.8,,99964.0,5436.8,,20240102,2464006720.0,100,09:32:24,5980.4,2268
20240102,5430.4,,,,,8,0,0,0,0,1086418.26923,5428.6,,,,,1,0,0,0,0,,,CFFEX,,5438.8,IC2401,5429.0,4893.2,5423.4,98623.0,5431.8,5431.8,,99964.0,5436.8,,20240102,2485725000.0,600,09:32:24,5980.4,2288
20240102,5430.2,,,,,3,0,0,0,0,1086417.85153,5429.2,,,,,2,0,0,0,0,,,CFFEX,,5438.8,IC2401,5429.2,4893.2,5423.4,98622.0,5431.8,5431.8,,99964.0,5436.8,,20240102,2487896880.0,100,09:32:25,5980.4,2290
20240102,5430.0,,,,,3,0,0,0,0,1086417.5993,5429.2,,,,,3,0,0,0,0,,,CFFEX,,5438.8,IC2401,5429.2,4893.2,5423.4,98621.0,5431.8,5431.8,,99964.0,5436.8,,20240102,2488982720.0,600,09:32:25,5980.4,2291
20240102,5429.8,,,,,3,0,0,0,0,1086415.23478,5428.6,,,,,2,0,0,0,0,,,CFFEX,,5438.8,IC2401,5429.0,4893.2,5423.4,98618.0,5431.8,5431.8,,99964.0,5436.8,,20240102,2498755040.0,100,09:32:26,5980.4,2300
20240102,5429.6,,,,,1,0,0,0,0,1086414.75239,5429.4,,,,,1,0,0,0,0,,,CFFEX,,5438.8,IC2401,5429.0,4893.2,5423.4,98617.0,5431.8,5431.8,,99964.0,5436.8,,20240102,2500926760.0,600,09:32:26,5980.4,2302
20240102,5429.8,,,,,3,0,0,0,0,1086413.4547,5428.6,,,,,3,0,0,0,0,,,CFFEX,,5438.8,IC2401,5429.0,4893.2,5423.4,98615.0,5431.8,5431.8,,99964.0,5436.8,,20240102,2506355840.0,100,09:32:27,5980.4,2307
20240102,5429.8,,,,,3,0,0,0,0,1086413.4547,5429.2,,,,,2,0,0,0,0,,,CFFEX,,5438.8,IC2401,5429.0,4893.2,5423.4,98615.0,5431.8,5431.8,,99964.0,5436.8,,20240102,2506355840.0,600,09:32:27,5980.4,2307
20240102,5430.4,,,,,2,0,0,0,0,1086412.64706,5429.6,,,,,1,0,0,0,0,,,CFFEX,,5438.8,IC2401,5430.4,4893.2,5423.4,98612.0,5431.8,5431.8,,99964.0,5436.8,,20240102,2511786040.0,100,09:32:28,5980.4,2312
20240102,5431.4,,,,,1,0,0,0,0,1086409.83719,5430.6,,,,,1,0,0,0,0,,,CFFEX,,5438.8,IC2401,5431.4,4893.2,5423.4,98596.0,5431.8,5431.8,,99964.0,5436.8,,20240102,2535680560.0,600,09:32:28,5980.4,2334
20240102,5431.8,,,,,2,0,0,0,0,1086409.72603,5431.6,,,,,2,0,0,0,0,,,CFFEX,,5438.8,IC2401,5431.4,4893.2,5423.4,98594.0,5431.8,5431.8,,99964.0,5436.8,,20240102,2537853120.0,100,09:32:29,5980.4,2336
20240102,5432.8,,,,,1,0,0,0,0,1086409.61982,5432.0,,,,,1,0,0,0,0,,,CFFEX,,5438.8,IC2401,5431.8,4893.2,5423.4,98589.0,5431.8,5431.8,,99964.0,5436.8,,20240102,2543284920.0,600,09:32:29,5980.4,2341
20240102,5433.4,,,,,1,0,0,0,0,1086409.77891,5432.2,,,,,4,0,0,0,0,,,CFFEX,,5438.8,IC2401,5432.2,4893.2,5423.4,98587.0,5431.8,5431.8,,99964.0,5436.8,,20240102,2555235800.0,100,09:32:30,5980.4,2352
20240102,5431.6,,,,,1,0,0,0,0,1086409.72881,5430.8,,,,,3,0,0,0,0,,,CFFEX,,5438.8,IC2401,5432.0,4893.2,5423.4,98582.0,5431.8,5431.8,,99964.0,5436.8,,20240102,2563926960.0,600,09:32:30,5980.4,2360
20240102,5431.0,,,,,3,0,0,0,0,1086409.0279,5430.2,,,,,1,0,0,0,0,,,CFFEX,,5438.8,IC2401,5430.6,4893.2,5423.4,98583.0,5431.8,5431.8,,99964.0,5436.8,,20240102,2570443760.0,100,09:32:31,5980.4,2366
20240102,5430.8,,,,,2,0,0,0,0,1086408.02698,5430.2,,,,,2,0,0,0,0,,,CFFEX,,5438.8,IC2401,5430.2,4893.2,5423.4,98581.0,5431.8,5431.8,,99964.0,5436.8,,20240102,2576959840.0,600,09:32:31,5980.4,2372
20240102,5430.8,,,,,3,0,0,0,0,1086407.57895,5430.0,,,,,2,0,0,0,0,,,CFFEX,,5438.8,IC2401,5430.4,4893.2,5423.4,98581.0,5431.8,5431.8,,99964.0,5436.8,,20240102,2580218000.0,100,09:32:32,5980.4,2375
20240102,5429.0,,,,,1,0,0,0,0,1086406.91047,5428.8,,,,,2,0,0,0,0,,,CFFEX,,5438.8,IC2401,5429.4,4893.2,5423.4,98579.0,5431.8,5431.8,,99964.0,5436.8,,20240102,2584562040.0,600,09:32:32,5980.4,2379
20240102,5431.4,,,,,2,0,0,0,0,1086405.83159,5429.6,,,,,1,0,0,0,0,,,CFFEX,,5438.8,IC2401,5431.4,4893.2,5423.4,98571.0,5431.8,5431.8,,99964.0,5436.8,,20240102,2593250720.0,100,09:32:33,5980.4,2387
20240102,5431.2,,,,,6,0,0,0,0,1086405.44923,5429.8,,,,,7,0,0,0,0,,,CFFEX,,5438.8,IC2401,5430.6,4893.2,5423.4,98567.0,5431.8,5431.8,,99964.0,5436.8,,20240102,2599768240.0,600,09:32:33,5980.4,2393
20240102,5431.2,,,,,1,0,0,0,0,1086405.22538,5430.0,,,,,10,0,0,0,0,,,CFFEX,,5438.8,IC2401,5431.0,4893.2,5423.4,98564.0,5431.8,5431.8,,99964.0,5436.8,,20240102,2603026920.0,100,09:32:34,5980.4,2396
20240102,5431.2,,,,,3,0,0,0,0,1086404.74802,5430.0,,,,,10,0,0,0,0,,,CFFEX,,5438.8,IC2401,5430.2,4893.2,5423.4,98560.0,5431.8,5431.8,,99964.0,5436.8,,20240102,2608457800.0,600,09:32:34,5980.4,2401
20240102,5431.0,,,,,3,0,0,0,0,1086404.49438,5430.0,,,,,3,0,0,0,0,,,CFFEX,,5438.8,IC2401,5430.0,4893.2,5423.4,98558.0,5431.8,5431.8,,99964.0,5436.8,,20240102,2610630000.0,100,09:32:35,5980.4,2403
20240102,5430.8,,,,,5,0,0,0,0,1086403.52013,5429.6,,,,,1,0,0,0,0,,,CFFEX,,5438.8,IC2401,5429.8,4893.2,5423.4,98553.0,5431.8,5431.8,,99964.0,5436.8,,20240102,2617146080.0,600,09:32:35,5980.4,2409
20240102,5430.6,,,,,1,0,0,0,0,1086403.3361,5429.8,,,,,3,0,0,0,0,,,CFFEX,,5438.8,IC2401,5429.8,4893.2,5423.4,98553.0,5431.8,5431.8,,99964.0,5436.8,,20240102,2618232040.0,100,09:32:36,5980.4,2410
20240102,5431.6,,,,,1,0,0,0,0,1086402.63245,5430.6,,,,,1,0,0,0,0,,,CFFEX,,5438.8,IC2401,5430.6,4893.2,5423.4,98548.0,5431.8,5431.8,,99964.0,5436.8,,20240102,2624748760.0,600,09:32:36,5980.4,2416
20240102,5431.6,,,,,1,0,0,0,0,1086402.51552,5430.8,,,,,7,0,0,0,0,,,CFFEX,,5438.8,IC2401,5430.6,4893.2,5423.4,98547.0,5431.8,5431.8,,99964.0,5436.8,,20240102,2625834880.0,100,09:32:37,5980.4,2417
20240102,5432.2,,,,,1,0,0,0,0,1086402.39768,5431.4,,,,,1,0,0,0,0,,,CFFEX,,5438.8,IC2401,5431.0,4893.2,5423.4,98545.0,5431.8,5431.8,,99964.0,5436.8,,20240102,2628007400.0,600,09:32:37,5980.4,2419
20240102,5431.4,,,,,1,0,0,0,0,1086402.19653,5430.6,,,,,1,0,0,0,0,,,CFFEX,,5438.8,IC2401,5431.4,4893.2,5423.4,98543.0,5431.8,5431.8,,99964.0,5436.8,,20240102,2631266120.0,100,09:32:38,5980.4,2422
20240102,5430.0,,,,,1,0,0,0,0,1086400.75658,5429.6,,,,,5,0,0,0,0,,,CFFEX,,5438.8,IC2401,5429.8,4893.2,5423.4,98540.0,5431.8,5431.8,,99964.0,5436.8,,20240102,2642126640.0,600,09:32:38,5980.4,2432
20240102,5431.2,,,,,3,0,0,0,0,1086398.72288,5430.2,,,,,1,0,0,0,0,,,CFFEX,,5438.8,IC2401,5429.2,4893.2,5423.4,98533.0,5431.8,5431.8,,99964.0,5436.8,,20240102,2654072080.0,100,09:32:39,5980.4,2443
20240102,5431.0,,,,,3,0,0,0,0,1086398.5761,5430.4,,,,,2,0,0,0,0,,,CFFEX,,5438.8,IC2401,5430.2,4893.2,5423.4,98533.0,5431.8,5431.8,,99964.0,5436.8,,20240102,2655158120.0,600,09:32:39,5980.4,2444
20240102,5431.4,,,,,1,0,0,0,0,1086398.12168,5431.0,,,,,1,0,0,0,0,,,CFFEX,,5438.8,IC2401,5431.0,4893.2,5423.4,98531.0,5431.8,5431.8,,99964.0,5436.8,,20240102,2660589000.0,100,09:32:40,5980.4,2449
20240102,5431.0,,,,,1,0,0,0,0,1086397.96002,5430.6,,,,,1,0,0,0,0,,,CFFEX,,5438.8,IC2401,5431.0,4893.2,5423.4,98529.0,5431.8,5431.8,,99964.0,5436.8,,20240102,2662761400.0,600,09:32:40,5980.4,2451
20240102,5430.4,,,,,5,0,0,0,0,1086397.66816,5429.4,,,,,1,0,0,0,0,,,CFFEX,,5438.8,IC2401,5429.8,4893.2,5423.4,98528.0,5431.8,5431.8,,99964.0,5436.8,,20240102,2664933480.0,100,09:32:41,5980.4,2453
20240102,5430.4,,,,,4,0,0,0,0,1086397.47351,5429.6,,,,,2,0,0,0,0,,,CFFEX,,5438.8,IC2401,5429.6,4893.2,5423.4,98528.0,5431.8,5431.8,,99964.0,5436.8,,20240102,2666019400.0,600,09:32:41,5980.4,2454
20240102,5430.4,,,,,4,0,0,0,0,1086397.27902,5429.8,,,,,3,0,0,0,0,,,CFFEX,,5438.8,IC2401,5429.6,4893.2,5423.4,98527.0,5431.8,5431.8,,99964.0,5436.8,,20240102,2667105320.0,100,09:32:42,5980.4,2455
20240102,5430.4,,,,,1,0,0,0,0,1086396.89178,5430.2,,,,,3,0,0,0,0,,,CFFEX,,5438.8,IC2401,5430.4,4893.2,5423.4,98524.0,5431.8,5431.8,,99964.0,5436.8,,20240102,2670363560.0,600,09:32:42,5980.4,2458
20240102,5431.2,,,,,1,0,0,0,0,1086396.63415,5430.4,,,,,4,0,0,0,0,,,CFFEX,,5438.8,IC2401,5430.4,4893.2,5423.4,98523.0,5431.8,5431.8,,99964.0,5436.8,,20240102,2672535720.0,100,09:32:43,5980.4,2460
20240102,5432.0,,,,,2,0,0,0,0,1086396.42857,5430.6,,,,,4,0,0,0,0,,,CFFEX,,5438.8,IC2401,5430.8,4893.2,5423.4,98519.0,5431.8,5431.8,,99964.0,5436.8,,20240102,2676880800.0,600,09:32:43,5980.4,2464
20240102,5431.8,,,,,1,0,0,0,0,1086396.2738,5430.8,,,,,4,0,0,0,0,,,CFFEX,,5438.8,IC2401,5431.8,4893.2,5423.4,98515.0,5431.8,5431.8,,99964.0,5436.8,,20240102,2682312400.0,100,09:32:44,5980.4,2469
20240102,5431.8,,,,,4,0,0,0,0,1086396.16505,5431.0,,,,,1,0,0,0,0,,,CFFEX,,5438.8,IC2401,5431.0,4893.2,5423.4,98512.0,5431.8,5431.8,,99964.0,5436.8,,20240102,2685571320.0,600,09:32:44,5980.4,2472
20240102,5431.8,,,,,1,0,0,0,0,1086395.9596,5431.2,,,,,1,0,0,0,0,,,CFFEX,,5438.8,IC2401,5431.4,4893.2,5423.4,98511.0,5431.8,5431.8,,99964.0,5436.8,,20240102,2688830000.0,100,09:32:45,5980.4,2475
20240102,5431.2,,,,,5,0,0,0,0,1086395.70621,5430.6,,,,,1,0,0,0,0,,,CFFEX,,5438.8,IC2401,5430.8,4893.2,5423.4,98509.0,5431.8,5431.8,,99964.0,5436.8,,20240102,2692088560.0,600,09:32:45,5980.4,2478
20240102,5430.4,,,,,1,0,0,0,0,1086395.13296,5429.4,,,,,3,0,0,0,0,,,CFFEX,,5438.8,IC2401,5429.4,4893.2,5423.4,98507.0,5431.8,5431.8,,99964.0,5436.8,,20240102,2696432720.0,100,09:32:46,5980.4,2482
20240102,5430.2,,,,,6,0,0,0,0,1086393.98714,5429.4,,,,,1,0,0,0,0,,,CFFEX,,5438.8,IC2401,5430.0,4893.2,5423.4,98502.0,5431.8,5431.8,,99964.0,5436.8,,20240102,2702948240.0,600,09:32:46,5980.4,2488
20240102,5430.0,,,,,4,0,0,0,0,1086393.55823,5428.8,,,,,1,0,0,0,0,,,CFFEX,,5438.8,IC2401,5429.0,4893.2,5423.4,98500.0,5431.8,5431.8,,99964.0,5436.8,,20240102,2705119960.0,100,09:32:47,5980.4,2490
20240102,5429.8,,,,,1,0,0,0,0,1086392.26272,5429.0,,,,,10,0,0,0,0,,,CFFEX,,5438.8,IC2401,5430.0,4893.2,5423.4,98496.0,5431.8,5431.8,,99964.0,5436.8,,20240102,2712721480.0,600,09:32:47,5980.4,2497
20240102,5430.2,,,,,1,0,0,0,0,1086391.792,5430.0,,,,,2,0,0,0,0,,,CFFEX,,5438.8,IC2401,5430.0,4893.2,5423.4,98494.0,5431.8,5431.8,,99964.0,5436.8,,20240102,2715979480.0,100,09:32:48,5980.4,2500
20240102,5431.2,,,,,5,0,0,0,0,1086391.4982,5430.4,,,,,1,0,0,0,0,,,CFFEX,,5438.8,IC2401,5431.0,4893.2,5423.4,98493.0,5431.8,5431.8,,99964.0,5436.8,,20240102,2719237920.0,600,09:32:48,5980.4,2503
20240102,5431.0,,,,,1,0,0,0,0,1086391.07741,5429.4,,,,,2,0,0,0,0,,,CFFEX,,5438.8,IC2401,5429.8,4893.2,5423.4,98491.0,5431.8,5431.8,,99964.0,5436.8,,20240102,2722496040.0,100,09:32:49,5980.4,2506
20240102,5430.8,,,,,5,0,0,0,0,1086390.70175,5429.6,,,,,4,0,0,0,0,,,CFFEX,,5438.8,IC2401,5429.6,4893.2,5423.4,98489.0,5431.8,5431.8,,99964.0,5436.8,,20240102,2724667880.0,600,09:32:49,5980.4,2508
20240102,5430.6,,,,,3,0,0,0,0,1086390.26683,5429.6,,,,,1,0,0,0,0,,,CFFEX,,5438.8,IC2401,5430.2,4893.2,5423.4,98488.0,5431.8,5431.8,,99964.0,5436.8,,20240102,2727925960.0,100,09:32:50,5980.4,2511
20240102,5430.4,,,,,5,0,0,0,0,1086390.14331,5429.4,,,,,2,0,0,0,0,,,CFFEX,,5438.8,IC2401,5430.4,4893.2,5423.4,98487.0,5431.8,5431.8,,99964.0,5436.8,,20240102,2729012040.0,600,09:32:50,5980.4,2512
20240102,5429.8,,,,,5,0,0,0,0,1086389.76929,5429.6,,,,,1,0,0,0,0,,,CFFEX,,5438.8,IC2401,5430.0,4893.2,5423.4,98486.0,5431.8,5431.8,,99964.0,5436.8,,20240102,2731183880.0,100,09:32:51,5980.4,2514
20240102,5429.6,,,,,3,0,0,0,0,1086389.17759,5429.0,,,,,1,0,0,0,0,,,CFFEX,,5438.8,IC2401,5429.4,4893.2,5423.4,98484.0,5431.8,5431.8,,99964.0,5436.8,,20240102,2734441560.0,600,09:32:51,5980.4,2517
20240102,5429.4,,,,,3,0,0,0,0,1086389.17759,5429.0,,,,,2,0,0,0,0,,,CFFEX,,5438.8,IC2401,5429.4,4893.2,5423.4,98484.0,5431.8,5431.8,,99964.0,5436.8,,20240102,2734441560.0,100,09:32:52,5980.4,2517
20240102,5429.4,,,,,4,0,0,0,0,1086388.95949,5429.0,,,,,2,0,0,0,0,,,CFFEX,,5438.8,IC2401,5429.2,4893.2,5423.4,98484.0,5431.8,5431.8,,99964.0,5436.8,,20240102,2735527400.0,600,09:32:52,5980.4,2518
20240102,5429.4,,,,,4,0,0,0,0,1086388.27449,5429.0,,,,,15,0,0,0,0,,,CFFEX,,5438.8,IC2401,5429.2,4893.2,5423.4,98484.0,5431.8,5431.8,,99964.0,5436.8,,20240102,2738784840.0,100,09:32:53,5980.4,2521
20240102,5429.8,,,,,5,0,0,0,0,1086386.86709,5429.4,,,,,4,0,0,0,0,,,CFFEX,,5438.8,IC2401,5429.6,4893.2,5423.4,98478.0,5431.8,5431.8,,99964.0,5436.8,,20240102,2746386000.0,600,09:32:53,5980.4,2528
20240102,5430.0,,,,,1,0,0,0,0,1086385.87214,5429.4,,,,,3,0,0,0,0,,,CFFEX,,5438.8,IC2401,5430.0,4893.2,5423.4,98473.0,5431.8,5431.8,,99964.0,5436.8,,20240102,2752901800.0,100,09:32:54,5980.4,2534
20240102,5430.4,,,,,1,0,0,0,0,1086385.71992,5430.0,,,,,2,0,0,0,0,,,CFFEX,,5438.8,IC2401,5430.0,4893.2,5423.4,98473.0,5431.8,5431.8,,99964.0,5436.8,,20240102,2753987800.0,600,09:32:54,5980.4,2535
20240102,5430.4,,,,,1,0,0,0,0,1086385.56782,5430.0,,,,,1,0,0,0,0,,,CFFEX,,5438.8,IC2401,5430.0,4893.2,5423.4,98472.0,5431.8,5431.8,,99964.0,5436.8,,20240102,2755073800.0,100,09:32:55,5980.4,2536
20240102,5430.4,,,,,1,0,0,0,0,1086385.32703,5430.0,,,,,1,0,0,0,0,,,CFFEX,,5438.8,IC2401,5430.4,4893.2,5423.4,98471.0,5431.8,5431.8,,99964.0,5436.8,,20240102,2757245960.0,600,09:32:55,5980.4,2538
20240102,5430.4,,,,,1,0,0,0,0,1086385.08661,5430.0,,,,,1,0,0,0,0,,,CFFEX,,5438.8,IC2401,5430.4,4893.2,5423.4,98469.0,5431.8,5431.8,,99964.0,5436.8,,20240102,2759418120.0,100,09:32:56,5980.4,2540
20240102,5430.8,,,,,1,0,0,0,0,1086385.08661,5430.0,,,,,1,0,0,0,0,,,CFFEX,,5438.8,IC2401,5430.4,4893.2,5423.4,98469.0,5431.8,5431.8,,99964.0,5436.8,,20240102,2759418120.0,600,09:32:56,5980.4,2540
20240102,5430.8,,,,,4,0,0,0,0,1086384.93506,5429.4,,,,,3,0,0,0,0,,,CFFEX,,5438.8,IC2401,5430.0,4893.2,5423.4,98469.0,5431.8,5431.8,,99964.0,5436.8,,20240102,2760504120.0,100,09:32:57,5980.4,2541
20240102,5430.4,,,,,1,0,0,0,0,1086384.83084,5429.4,,,,,6,0,0,0,0,,,CFFEX,,5438.8,IC2401,5430.6,4893.2,5423.4,98468.0,5431.8,5431.8,,99964.0,5436.8,,20240102,2761590240.0,600,09:32:57,5980.4,2542
20240102,5430.2,,,,,1,0,0,0,0,1086384.83084,5429.6,,,,,1,0,0,0,0,,,CFFEX,,5438.8,IC2401,5430.6,4893.2,5423.4,98468.0,5431.8,5431.8,,99964.0,5436.8,,20240102,2761590240.0,100,09:32:58,5980.4,2542
20240102,5430.0,,,,,5,0,0,0,0,1086384.83084,5429.8,,,,,1,0,0,0,0,,,CFFEX,,5438.8,IC2401,5430.6,4893.2,5423.4,98468.0,5431.8,5431.8,,99964.0,5436.8,,20240102,2761590240.0,600,09:32:58,5980.4,2542
20240102,5429.4,,,,,1,0,0,0,0,1086384.46541,5429.2,,,,,1,0,0,0,0,,,CFFEX,,5438.8,IC2401,5429.4,4893.2,5423.4,98466.0,5431.8,5431.8,,99964.0,5436.8,,20240102,2763762080.0,100,09:32:59,5980.4,2544
20240102,5429.2,,,,,1,0,0,0,0,1086384.25147,5429.0,,,,,15,0,0,0,0,,,CFFEX,,5438.8,IC2401,5429.2,4893.2,5423.4,98467.0,5431.8,5431.8,,99964.0,5436.8,,20240102,2764847920.0,600,09:32:59,5980.4,2545
20240102,5430.0,,,,,1,0,0,0,0,1086380.56206,5429.0,,,,,6,0,0,0,0,,,CFFEX,,5438.8,IC2401,5429.4,4893.2,5423.4,98451.0,5431.8,5431.8,,99964.0,5436.8,,20240102,2783307000.0,100,09:33:00,5980.4,2562
20240102,5429.4,,,,,2,0,0,0,0,1086379.79735,5429.0,,,,,6,0,0,0,0,,,CFFEX,,5438.8,IC2401,5429.2,4893.2,5423.4,98448.0,5431.8,5431.8,,99964.0,5436.8,,20240102,2787650560.0,600,09:33:00,5980.4,2566
20240102,5429.0,,,,,2,0,0,0,0,1086377.30695,5428.2,,,,,1,0,0,0,0,,,CFFEX,,5438.8,IC2401,5429.0,4893.2,5423.4,98443.0,5431.8,5431.8,,99964.0,5436.8,,20240102,2799594320.0,100,09:33:01,5980.4,2577
20240102,5428.8,,,,,1,0,0,0,0,1086375.00387,5428.4,,,,,1,0,0,0,0,,,CFFEX,,5438.8,IC2401,5428.0,4893.2,5423.4,98439.0,5431.8,5431.8,,99964.0,5436.8,,20240102,2809365760.0,600,09:33:01,5980.4,2586
20240102,5429.2,,,,,6,0,0,0,0,1086372.82961,5428.0,,,,,1,0,0,0,0,,,CFFEX,,5438.8,IC2401,5428.8,4893.2,5423.4,98434.0,5431.8,5431.8,,99964.0,5436.8,,20240102,2818051120.0,100,09:33:02,5980.4,2594
20240102,5429.0,,,,,8,0,0,0,0,1086372.37288,5428.2,,,,,2,0,0,0,0,,,CFFEX,,5438.8,IC2401,5429.0,4893.2,5423.4,98432.0,5431.8,5431.8,,99964.0,5436.8,,20240102,2820222680.0,600,09:33:02,5980.4,2596
20240102,5429.0,,,,,4,0,0,0,0,1086370.91468,5428.2,,,,,1,0,0,0,0,,,CFFEX,,5438.8,IC2401,5428.2,4893.2,5423.4,98426.0,5431.8,5431.8,,99964.0,5436.8,,20240102,2826737120.0,100,09:33:03,5980.4,2602
20240102,5429.2,,,,,6,0,0,0,0,1086365.69031,5429.0,,,,,1,0,0,0,0,,,CFFEX,,5438.8,IC2401,5428.8,4893.2,5423.4,98411.0,5431.8,5431.8,,99964.0,5436.8,,20240102,2848450840.0,600,09:33:03,5980.4,2622
20240102,5429.2,,,,,6,0,0,0,0,1086364.82864,5428.4,,,,,1,0,0,0,0,,,CFFEX,,5438.8,IC2401,5429.0,4893.2,5423.4,98410.0,5431.8,5431.8,,99964.0,5436.8,,20240102,2852794040.0,100,09:33:04,5980.4,2626
20240102,5429.0,,,,,1,0,0,0,0,1086364.06238,5428.0,,,,,1,0,0,0,0,,,CFFEX,,5438.8,IC2401,5428.0,4893.2,5423.4,98408.0,5431.8,5431.8,,99964.0,5436.8,,20240102,2856051120.0,600,09:33:04,5980.4,2629
20240102,5428.8,,,,,2,0,0,0,0,1086363.43596,5428.2,,,,,1,0,0,0,0,,,CFFEX,,5438.8,IC2401,5428.0,4893.2,5423.4,98406.0,5431.8,5431.8,,99964.0,5436.8,,20240102,2858222200.0,100,09:33:05,5980.4,2631
20240102,5428.6,,,,,5,0,0,0,0,1086363.16109,5427.2,,,,,1,0,0,0,0,,,CFFEX,,5438.8,IC2401,5428.2,4893.2,5423.4,98405.0,5431.8,5431.8,,99964.0,5436.8,,20240102,2859307840.0,600,09:33:05,5980.4,2632
20240102,5428.4,,,,,5,0,0,0,0,1086361.89681,5427.4,,,,,2,0,0,0,0,,,CFFEX,,5438.8,IC2401,5428.4,4893.2,5423.4,98404.0,5431.8,5431.8,,99964.0,5436.8,,20240102,2863649960.0,100,09:33:06,5980.4,2636
20240102,5428.4,,,,,2,0,0,0,0,1086361.63823,5427.6,,,,,3,0,0,0,0,,,CFFEX,,5438.8,IC2401,5428.4,4893.2,5423.4,98404.0,5431.8,5431.8,,99964.0,5436.8,,20240102,2864735640.0,600,09:33:06,5980.4,2637
20240102,5429.0,,,,,1,0,0,0,0,1086361.12164,5428.6,,,,,1,0,0,0,0,,,CFFEX,,5438.8,IC2401,5428.4,4893.2,5423.4,98404.0,5431.8,5431.8,,99964.0,5436.8,,20240102,2866907000.0,100,09:33:07,5980.4,2639
20240102,5429.2,,,,,6,0,0,0,0,1086360.62098,5429.0,,,,,1,0,0,0,0,,,CFFEX,,5438.8,IC2401,5428.0,4893.2,5423.4,98404.0,5431.8,5431.8,,99964.0,5436.8,,20240102,2869078400.0,600,09:33:07,5980.4,2641
20240102,5429.0,,,,,1,0,0,0,0,1086360.40878,5427.8,,,,,3,0,0,0,0,,,CFFEX,,5438.8,IC2401,5429.0,4893.2,5423.4,98404.0,5431.8,5431.8,,99964.0,5436.8,,20240102,2870164200.0,100,09:33:08,5980.4,2642
20240102,5429.2,,,,,6,0,0,0,0,1086360.19675,5428.0,,,,,8,0,0,0,0,,,CFFEX,,5438.8,IC2401,5429.0,4893.2,5423.4,98403.0,5431.8,5431.8,,99964.0,5436.8,,20240102,2871250000.0,600,09:33:08,5980.4,2643
20240102,5429.2,,,,,6,0,0,0,0,1086359.44067,5428.2,,,,,3,0,0,0,0,,,CFFEX,,5438.8,IC2401,5428.2,4893.2,5423.4,98403.0,5431.8,5431.8,,99964.0,5436.8,,20240102,2874507080.0,100,09:33:09,5980.4,2646
20240102,5429.0,,,,,2,0,0,0,0,1086359.16887,5428.8,,,,,1,0,0,0,0,,,CFFEX,,5438.8,IC2401,5428.2,4893.2,5423.4,98404.0,5431.8,5431.8,,99964.0,5436.8,,20240102,2875592720.0,600,09:33:09,5980.4,2647
20240102,5428.6,,,,,3,0,0,0,0,1086358.7165,5428.0,,,,,5,0,0,0,0,,,CFFEX,,5438.8,IC2401,5428.8,4893.2,5423.4,98404.0,5431.8,5431.8,,99964.0,5436.8,,20240102,2877764240.0,100,09:33:10,5980.4,2649
20240102,5428.8,,,,,1,0,0,0,0,1086357.70825,5428.0,,,,,4,0,0,0,0,,,CFFEX,,5438.8,IC2401,5428.0,4893.2,5423.4,98402.0,5431.8,5431.8,,99964.0,5436.8,,20240102,2882107000.0,600,09:33:10,5980.4,2653
20240102,5428.8,,,,,1,0,0,0,0,1086357.42276,5428.0,,,,,3,0,0,0,0,,,CFFEX,,5438.8,IC2401,5428.0,4893.2,5423.4,98401.0,5431.8,5431.8,,99964.0,5436.8,,20240102,2883192600.0,100,09:33:11,5980.4,2654
20240102,5429.0,,,,,2,0,0,0,0,1086356.91265,5428.4,,,,,1,0,0,0,0,,,CFFEX,,5438.8,IC2401,5428.8,4893.2,5423.4,98400.0,5431.8,5431.8,,99964.0,5436.8,,20240102,2885363960.0,600,09:33:11,5980.4,2656
20240102,5429.2,,,,,2,0,0,0,0,1086355.59564,5427.2,,,,,3,0,0,0,0,,,CFFEX,,5438.8,IC2401,5428.0,4893.2,5423.4,98398.0,5431.8,5431.8,,99964.0,5436.8,,20240102,2890792240.0,100,09:33:12,5980.4,2661
20240102,5429.2,,,,,1,0,0,0,0,1086353.8081,5427.4,,,,,12,0,0,0,0,,,CFFEX,,5438.8,IC2401,5429.2,4893.2,5423.4,98393.0,5431.8,5431.8,,99964.0,5436.8,,20240102,2898391960.0,600,09:33:12,5980.4,2668
20240102,5429.8,,,,,2,0,0,0,0,1086352.287,5427.6,,,,,7,0,0,0,0,,,CFFEX,,5438.8,IC2401,5429.6,4893.2,5423.4,98389.0,5431.8,5431.8,,99964.0,5436.8,,20240102,2907078720.0,100,09:33:13,5980.4,2676
20240102,5430.2,,,,,1,0,0,0,0,1086351.0697,5427.8,,,,,5,0,0,0,0,,,CFFEX,,5438.8,IC2401,5427.8,4893.2,5423.4,98386.0,5431.8,5431.8,,99964.0,5436.8,,20240102,2914679920.0,600,09:33:13,5980.4,2683
20240102,5430.0,,,,,3,0,0,0,0,1086350.67412,5428.6,,,,,1,0,0,0,0,,,CFFEX,,5438.8,IC2401,5428.6,4893.2,5423.4,98386.0,5431.8,5431.8,,99964.0,5436.8,,20240102,2916851560.0,100,09:33:14,5980.4,2685
20240102,5430.0,,,,,3,0,0,0,0,1086349.94422,5428.8,,,,,1,0,0,0,0,,,CFFEX,,5438.8,IC2401,5429.0,4893.2,5423.4,98385.0,5431.8,5431.8,,99964.0,5436.8,,20240102,2921195000.0,600,09:33:14,5980.4,2689
20240102,5429.0,,,,,1,0,0,0,0,1086349.72491,5428.0,,,,,5,0,0,0,0,,,CFFEX,,5438.8,IC2401,5428.8,4893.2,5423.4,98385.0,5431.8,5431.8,,99964.0,5436.8,,20240102,2922280760.0,100,09:33:15,5980.4,2690
20240102,5429.8,,,,,1,0,0,0,0,1086348.48665,5428.2,,,,,4,0,0,0,0,,,CFFEX,,5438.8,IC2401,5429.0,4893.2,5423.4,98382.0,5431.8,5431.8,,99964.0,5436.8,,20240102,2928795520.0,600,09:33:15,5980.4,2696
20240102,5429.8,,,,,3,0,0,0,0,1086348.08006,5428.4,,,,,4,0,0,0,0,,,CFFEX,,5438.8,IC2401,5428.4,4893.2,5423.4,98381.0,5431.8,5431.8,,99964.0,5436.8,,20240102,2930967120.0,100,09:33:16,5980.4,2698
20240102,5429.6,,,,,5,0,0,0,0,1086347.67407,5428.4,,,,,1,0,0,0,0,,,CFFEX,,5438.8,IC2401,5429.0,4893.2,5423.4,98379.0,5431.8,5431.8,,99964.0,5436.8,,20240102,2933138720.0,600,09:33:16,5980.4,2700
20240102,5429.4,,,,,2,0,0,0,0,1086347.17987,5428.0,,,,,1,0,0,0,0,,,CFFEX,,5438.8,IC2401,5428.4,4893.2,5423.4,98378.0,5431.8,5431.8,,99964.0,5436.8,,20240102,2935310080.0,100,09:33:17,5980.4,2702
20240102,5429.2,,,,,4,0,0,0,0,1086346.93304,5428.0,,,,,2,0,0,0,0,,,CFFEX,,5438.8,IC2401,5428.4,4893.2,5423.4,98378.0,5431.8,5431.8,,99964.0,5436.8,,20240102,2936395760.0,600,09:33:17,5980.4,2703
20240102,5429.0,,,,,1,0,0,0,0,1086345.85888,5427.8,,,,,1,0,0,0,0,,,CFFEX,,5438.8,IC2401,5428.0,4893.2,5423.4,98378.0,5431.8,5431.8,,99964.0,5436.8,,20240102,2940738240.0,100,09:33:18,5980.4,2707
20240102,5429.2,,,,,2,0,0,0,0,1086345.23985,5428.0,,,,,2,0,0,0,0,,,CFFEX,,5438.8,IC2401,5429.0,4893.2,5423.4,98376.0,5431.8,5431.8,,99964.0,5436.8,,20240102,2943995600.0,600,09:33:18,5980.4,2710
20240102,5428.6,,,,,1,0,0,0,0,1086344.97971,5428.2,,,,,5,0,0,0,0,,,CFFEX,,5438.8,IC2401,5428.2,4893.2,5423.4,98376.0,5431.8,5431.8,,99964.0,5436.8,,20240102,2945081240.0,100,09:33:19,5980.4,2711
20240102,5429.2,,,,,1,0,0,0,0,1086344.2594,5428.2,,,,,3,0,0,0,0,,,CFFEX,,5438.8,IC2401,5428.6,4893.2,5423.4,98376.0,5431.8,5431.8,,99964.0,5436.8,,20240102,2948338320.0,600,09:33:19,5980.4,2714
20240102,5429.0,,,,,1,0,0,0,0,1086344.0,5428.0,,,,,1,0,0,0,0,,,CFFEX,,5438.8,IC2401,5428.2,4893.2,5423.4,98376.0,5431.8,5431.8,,99964.0,5436.8,,20240102,2949423960.0,100,09:33:20,5980.4,2715
20240102,5428.8,,,,,1,0,0,0,0,1086343.7408,5427.8,,,,,2,0,0,0,0,,,CFFEX,,5438.8,IC2401,5428.2,4893.2,5423.4,98375.0,5431.8,5431.8,,99964.0,5436.8,,20240102,2950509600.0,600,09:33:20,5980.4,2716
20240102,5428.8,,,,,1,0,0,0,0,1086343.51123,5427.8,,,,,4,0,0,0,0,,,CFFEX,,5438.8,IC2401,5428.6,4893.2,5423.4,98375.0,5431.8,5431.8,,99964.0,5436.8,,20240102,2951595320.0,100,09:33:21,5980.4,2717
20240102,5428.8,,,,,1,0,0,0,0,1086343.26711,5427.8,,,,,4,0,0,0,0,,,CFFEX,,5438.8,IC2401,5428.4,4893.2,5423.4,98375.0,5431.8,5431.8,,99964.0,5436.8,,20240102,2952681000.0,600,09:33:21,5980.4,2718
20240102,5428.8,,,,,2,0,0,0,0,1086343.02317,5428.0,,,,,3,0,0,0,0,,,CFFEX,,5438.8,IC2401,5428.4,4893.2,5423.4,98375.0,5431.8,5431.8,,99964.0,5436.8,,20240102,2953766680.0,100,09:33:22,5980.4,2719
20240102,5428.8,,,,,4,0,0,0,0,1086342.03452,5427.8,,,,,3,0,0,0,0,,,CFFEX,,5438.8,IC2401,5427.8,4893.2,5423.4,98373.0,5431.8,5431.8,,99964.0,5436.8,,20240102,2958109360.0,600,09:33:22,5980.4,2723
20240102,5428.6,,,,,4,0,0,0,0,1086342.03452,5427.8,,,,,3,0,0,0,0,,,CFFEX,,5438.8,IC2401,5427.8,4893.2,5423.4,98373.0,5431.8,5431.8,,99964.0,5436.8,,20240102,2958109360.0,100,09:33:23,5980.4,2723
20240102,5428.6,,,,,3,0,0,0,0,1086341.46055,5427.8,,,,,2,0,0,0,0,,,CFFEX,,5438.8,IC2401,5427.8,4893.2,5423.4,98371.0,5431.8,5431.8,,99964.0,5436.8,,20240102,2960280480.0,600,09:33:23,5980.4,2725
20240102,5428.6,,,,,2,0,0,0,0,1086341.17388,5428.0,,,,,1,0,0,0,0,,,CFFEX,,5438.8,IC2401,5427.8,4893.2,5423.4,98370.0,5431.8,5431.8,,99964.0,5436.8,,20240102,2961366040.0,100,09:33:24,5980.4,2726
20240102,5428.4,,,,,1,0,0,0,0,1086340.14652,5427.8,,,,,1,0,0,0,0,,,CFFEX,,5438.8,IC2401,5428.0,4893.2,5423.4,98366.0,5431.8,5431.8,,99964.0,5436.8,,20240102,2965708600.0,600,09:33:24,5980.4,2730
20240102,5428.8,,,,,2,0,0,0,0,1086339.33407,5427.8,,,,,1,0,0,0,0,,,CFFEX,,5438.8,IC2401,5428.0,4893.2,5423.4,98363.0,5431.8,5431.8,,99964.0,5436.8,,20240102,2968965400.0,100,09:33:25,5980.4,2733
20240102,5428.8,,,,,2,0,0,0,0,1086339.33407,5428.4,,,,,5,0,0,0,0,,,CFFEX,,5438.8,IC2401,5428.0,4893.2,5423.4,98363.0,5431.8,5431.8,,99964.0,5436.8,,20240102,2968965400.0,600,09:33:25,5980.4,2733
20240102,5429.2,,,,,2,0,0,0,0,1086338.03578,5428.4,,,,,10,0,0,0,0,,,CFFEX,,5438.8,IC2401,5428.8,4893.2,5423.4,98362.0,5431.8,5431.8,,99964.0,5436.8,,20240102,2975479880.0,100,09:33:26,5980.4,2739
20240102,5429.0,,,,,1,0,0,0,0,1086337.35959,5428.4,,,,,8,0,0,0,0,,,CFFEX,,5438.8,IC2401,5428.4,4893.2,5423.4,98359.0,5431.8,5431.8,,99964.0,5436.8,,20240102,2978737040.0,600,09:33:26,5980.4,2742
20240102,5428.8,,,,,1,0,0,0,0,1086336.88047,5428.4,,,,,6,0,0,0,0,,,CFFEX,,5438.8,IC2401,5428.4,4893.2,5423.4,98357.0,5431.8,5431.8,,99964.0,5436.8,,20240102,2980908400.0,100,09:33:27,5980.4,2744
20240102,5428.4,,,,,2,0,0,0,0,1086335.16539,5427.6,,,,,1,0,0,0,0,,,CFFEX,,5438.8,IC2401,5427.8,4893.2,5423.4,98351.0,5431.8,5431.8,,99964.0,5436.8,,20240102,2988508040.0,600,09:33:27,5980.4,2751
20240102,5428.8,,,,,1,0,0,0,0,1086333.99129,5428.4,,,,,1,0,0,0,0,,,CFFEX,,5438.8,IC2401,5428.0,4893.2,5423.4,98346.0,5431.8,5431.8,,99964.0,5436.8,,20240102,2993936480.0,100,09:33:28,5980.4,2756
20240102,5428.8,,,,,1,0,0,0,0,1086333.13043,5428.4,,,,,1,0,0,0,0,,,CFFEX,,5438.8,IC2401,5428.4,4893.2,5423.4,98343.0,5431.8,5431.8,,99964.0,5436.8,,20240102,2998279440.0,600,09:33:28,5980.4,2760
20240102,5429.4,,,,,1,0,0,0,0,1086331.8872,5429.2,,,,,3,0,0,0,0,,,CFFEX,,5438.8,IC2401,5429.2,4893.2,5423.4,98338.0,5431.8,5431.8,,99964.0,5436.8,,20240102,3004794000.0,100,09:33:29,5980.4,2766
20240102,5429.6,,,,,1,0,0,0,0,1086331.01407,5429.4,,,,,2,0,0,0,0,,,CFFEX,,5438.8,IC2401,5429.2,4893.2,5423.4,98335.0,5431.8,5431.8,,99964.0,5436.8,,20240102,3010223240.0,600,09:33:29,5980.4,2771
20240102,5429.8,,,,,1,0,0,0,0,1086330.39279,5428.6,,,,,1,0,0,0,0,,,CFFEX,,5438.8,IC2401,5429.6,4893.2,5423.4,98333.0,5431.8,5431.8,,99964.0,5436.8,,20240102,3014566840.0,100,09:33:30,5980.4,2775
20240102,5429.6,,,,,1,0,0,0,0,1086330.05402,5428.8,,,,,4,0,0,0,0,,,CFFEX,,5438.8,IC2401,5428.8,4893.2,5423.4,98331.0,5431.8,5431.8,,99964.0,5436.8,,20240102,3016738560.0,600,09:33:30,5980.4,2777
20240102,5430.0,,,,,3,0,0,0,0,1086329.08699,5428.8,,,,,1,0,0,0,0,,,CFFEX,,5438.8,IC2401,5428.8,4893.2,5423.4,98327.0,5431.8,5431.8,,99964.0,5436.8,,20240102,3022167520.0,100,09:33:31,5980.4,2782
20240102,5429.8,,,,,8,0,0,0,0,1086328.69253,5428.4,,,,,1,0,0,0,0,,,CFFEX,,5438.8,IC2401,5429.2,4893.2,5423.4,98326.0,5431.8,5431.8,,99964.0,5436.8,,20240102,3024339080.0,600,09:33:31,5980.4,2784
20240102,5427.8,,,,,1,0,0,0,0,1086328.24121,5427.6,,,,,1,0,0,0,0,,,CFFEX,,5438.8,IC2401,5428.4,4893.2,5423.4,98326.0,5431.8,5431.8,,99964.0,5436.8,,20240102,3026510480.0,100,09:33:32,5980.4,2786
20240102,5429.2,,,,,1,0,0,0,0,1086327.5009,5428.4,,,,,2,0,0,0,0,,,CFFEX,,5438.8,IC2401,5428.4,4893.2,5423.4,98323.0,5431.8,5431.8,,99964.0,5436.8,,20240102,3029767400.0,600,09:33:32,5980.4,2789
20240102,5428.4,,,,,4,0,0,0,0,1086326.53061,5427.8,,,,,2,0,0,0,0,,,CFFEX,,5438.8,IC2401,5427.8,4893.2,5423.4,98320.0,5431.8,5431.8,,99964.0,5436.8,,20240102,3034110000.0,100,09:33:33,5980.4,2793
20240102,5428.4,,,,,2,0,0,0,0,1086326.53061,5428.2,,,,,1,0,0,0,0,,,CFFEX,,5438.8,IC2401,5427.8,4893.2,5423.4,98320.0,5431.8,5431.8,,99964.0,5436.8,,20240102,3034110000.0,600,09:33:33,5980.4,2793
20240102,5428.4,,,,,1,0,0,0,0,1086325.77969,5427.8,,,,,2,0,0,0,0,,,CFFEX,,5438.8,IC2401,5428.4,4893.2,5423.4,98319.0,5431.8,5431.8,,99964.0,5436.8,,20240102,3037366880.0,100,09:33:34,5980.4,2796
20240102,5428.2,,,,,1,0,0,0,0,1086324.94462,5427.6,,,,,1,0,0,0,0,,,CFFEX,,5438.8,IC2401,5427.6,4893.2,5423.4,98318.0,5431.8,5431.8,,99964.0,5436.8,,20240102,3040623520.0,600,09:33:34,5980.4,2799
20240102,5427.8,,,,,1,0,0,0,0,1086324.34131,5426.8,,,,,3,0,0,0,0,,,CFFEX,,5438.8,IC2401,5427.2,4893.2,5423.4,98317.0,5431.8,5431.8,,99964.0,5436.8,,20240102,3042794480.0,100,09:33:35,5980.4,2801
20240102,5428.2,,,,,1,0,0,0,0,1086323.52354,5427.6,,,,,2,0,0,0,0,,,CFFEX,,5438.8,IC2401,5427.8,4893.2,5423.4,98314.0,5431.8,5431.8,,99964.0,5436.8,,20240102,3046051160.0,600,09:33:35,5980.4,2804
20240102,5429.0,,,,,2,0,0,0,0,1086323.03635,5427.6,,,,,2,0,0,0,0,,,CFFEX,,5438.8,IC2401,5428.2,4893.2,5423.4,98312.0,5431.8,5431.8,,99964.0,5436.8,,20240102,3048222440.0,100,09:33:36,5980.4,2806
20240102,5428.8,,,,,1,0,0,0,0,1086322.75027,5427.6,,,,,1,0,0,0,0,,,CFFEX,,5438.8,IC2401,5427.6,4893.2,5423.4,98311.0,5431.8,5431.8,,99964.0,5436.8,,20240102,3049307960.0,600,09:33:36,5980.4,2807
20240102,5428.6,,,,,2,0,0,0,0,1086322.75027,5427.6,,,,,1,0,0,0,0,,,CFFEX,,5438.8,IC2401,5427.6,4893.2,5423.4,98311.0,5431.8,5431.8,,99964.0,5436.8,,20240102,3049307960.0,100,09:33:37,5980.4,2807
20240102,5428.6,,,,,1,0,0,0,0,1086322.46439,5427.4,,,,,1,0,0,0,0,,,CFFEX,,5438.8,IC2401,5427.6,4893.2,5423.4,98310.0,5431.8,5431.8,,99964.0,5436.8,,20240102,3050393480.0,600,09:33:37,5980.4,2808
20240102,5428.4,,,,,1,0,0,0,0,1086322.17871,5427.6,,,,,1,0,0,0,0,,,CFFEX,,5438.8,IC2401,5427.6,4893.2,5423.4,98309.0,5431.8,5431.8,,99964.0,5436.8,,20240102,3051479000.0,100,09:33:38,5980.4,2809
20240102,5428.4,,,,,1,0,0,0,0,1086321.60797,5427.4,,,,,1,0,0,0,0,,,CFFEX,,5438.8,IC2401,5427.6,4893.2,5423.4,98307.0,5431.8,5431.8,,99964.0,5436.8,,20240102,3053650040.0,600,09:33:38,5980.4,2811
20240102,5427.6,,,,,1,0,0,0,0,1086321.30868,5427.4,,,,,1,0,0,0,0,,,CFFEX,,5438.8,IC2401,5427.4,4893.2,5423.4,98306.0,5431.8,5431.8,,99964.0,5436.8,,20240102,3054735520.0,100,09:33:39,5980.4,2812
20240102,5428.4,,,,,1,0,0,0,0,1086321.02382,5427.6,,,,,1,0,0,0,0,,,CFFEX,,5438.8,IC2401,5427.6,4893.2,5423.4,98307.0,5431.8,5431.8,,99964.0,5436.8,,20240102,3055821040.0,600,09:33:39,5980.4,2813
20240102,5427.4,,,,,1,0,0,0,0,1086320.11364,5426.8,,,,,3,0,0,0,0,,,CFFEX,,5438.8,IC2401,5427.4,4893.2,5423.4,98304.0,5431.8,5431.8,,99964.0,5436.8,,20240102,3059077440.0,100,09:33:40,5980.4,2816
20240102,5427.4,,,,,1,0,0,0,0,1086319.77281,5426.8,,,,,2,0,0,0,0,,,CFFEX,,5438.8,IC2401,5426.8,4893.2,5423.4,98303.0,5431.8,5431.8,,99964.0,5436.8,,20240102,3060162800.0,600,09:33:40,5980.4,2817
20240102,5426.8,,,,,3,0,0,0,0,1086318.79433,5426.4,,,,,2,0,0,0,0,,,CFFEX,,5438.8,IC2401,5426.8,4893.2,5423.4,98301.0,5431.8,5431.8,,99964.0,5436.8,,20240102,3063419000.0,100,09:33:41,5980.4,2820
20240102,5426.8,,,,,3,0,0,0,0,1086317.71874,5425.8,,,,,3,0,0,0,0,,,CFFEX,,5438.8,IC2401,5426.2,4893.2,5423.4,98299.0,5431.8,5431.8,,99964.0,5436.8,,20240102,3066674920.0,600,09:33:41,5980.4,2823
20240102,5426.6,,,,,1,0,0,0,0,1086316.33534,5426.4,,,,,1,0,0,0,0,,,CFFEX,,5438.8,IC2401,5426.8,4893.2,5423.4,98298.0,5431.8,5431.8,,99964.0,5436.8,,20240102,3071016280.0,100,09:33:42,5980.4,2827
20240102,5427.6,,,,,1,0,0,0,0,1086315.20848,5426.4,,,,,1,0,0,0,0,,,CFFEX,,5438.8,IC2401,5425.8,4893.2,5423.4,98297.0,5431.8,5431.8,,99964.0,5436.8,,20240102,3074272040.0,600,09:33:42,5980.4,2830
20240102,5427.4,,,,,5,0,0,0,0,1086313.54975,5425.6,,,,,6,0,0,0,0,,,CFFEX,,5438.8,IC2401,5425.6,4893.2,5423.4,98295.0,5431.8,5431.8,,99964.0,5436.8,,20240102,3078612600.0,100,09:33:43,5980.4,2834
20240102,5427.2,,,,,10,0,0,0,0,1086312.37222,5425.6,,,,,7,0,0,0,0,,,CFFEX,,5438.8,IC2401,5425.8,4893.2,5423.4,98295.0,5431.8,5431.8,,99964.0,5436.8,,20240102,3081868200.0,600,09:33:43,5980.4,2837
20240102,5427.0,,,,,8,0,0,0,0,1086311.53223,5425.6,,,,,5,0,0,0,0,,,CFFEX,,5438.8,IC2401,5425.6,4893.2,5423.4,98293.0,5431.8,5431.8,,99964.0,5436.8,,20240102,3084038440.0,100,09:33:44,5980.4,2839
20240102,5426.8,,,,,5,0,0,0,0,1086311.11268,5425.6,,,,,4,0,0,0,0,,,CFFEX,,5438.8,IC2401,5425.6,4893.2,5423.4,98293.0,5431.8,5431.8,,99964.0,5436.8,,20240102,3085123560.0,600,09:33:44,5980.4,2840
20240102,5426.6,,,,,3,0,0,0,0,1086311.11268,5425.6,,,,,4,0,0,0,0,,,CFFEX,,5438.8,IC2401,5425.6,4893.2,5423.4,98293.0,5431.8,5431.8,,99964.0,5436.8,,20240102,3085123560.0,100,09:33:45,5980.4,2840
20240102,5426.6,,,,,3,0,0,0,0,1086310.69342,5425.8,,,,,2,0,0,0,0,,,CFFEX,,5438.8,IC2401,5425.6,4893.2,5423.4,98294.0,5431.8,5431.8,,99964.0,5436.8,,20240102,3086208680.0,600,09:33:45,5980.4,2841
20240102,5426.6,,,,,1,0,0,0,0,1086310.27445,5425.8,,,,,1,0,0,0,0,,,CFFEX,,5438.8,IC2401,5425.6,4893.2,5423.4,98293.0,5431.8,5431.8,,99964.0,5436.8,,20240102,3087293800.0,100,09:33:46,5980.4,2842
20240102,5426.6,,,,,1,0,0,0,0,1086309.85579,5425.6,,,,,6,0,0,0,0,,,CFFEX,,5438.8,IC2401,5425.6,4893.2,5423.4,98292.0,5431.8,5431.8,,99964.0,5436.8,,20240102,3088378920.0,100,09:33:47,5980.4,2843
20240102,5426.4,,,,,1,0,0,0,0,1086309.43741,5425.6,,,,,7,0,0,0,0,,,CFFEX,,5438.8,IC2401,5425.6,4893.2,5423.4,98291.0,5431.8,5431.8,,99964.0,5436.8,,20240102,3089464040.0,600,09:33:47,5980.4,2844
20240102,5426.2,,,,,1,0,0,0,0,1086309.01933,5425.6,,,,,3,0,0,0,0,,,CFFEX,,5438.8,IC2401,5425.6,4893.2,5423.4,98290.0,5431.8,5431.8,,99964.0,5436.8,,20240102,3090549160.0,100,09:33:48,5980.4,2845
20240102,5426.2,,,,,1,0,0,0,0,1086307.76685,5425.4,,,,,1,0,0,0,0,,,CFFEX,,5438.8,IC2401,5425.6,4893.2,5423.4,98288.0,5431.8,5431.8,,99964.0,5436.8,,20240102,3093804520.0,600,09:33:48,5980.4,2848
20240102,5426.0,,,,,1,0,0,0,0,1086306.89123,5425.0,,,,,5,0,0,0,0,,,CFFEX,,5438.8,IC2401,5425.2,4893.2,5423.4,98287.0,5431.8,5431.8,,99964.0,5436.8,,20240102,3095974640.0,100,09:33:49,5980.4,2850
20240102,5424.4,,,,,1,0,0,0,0,1086304.60245,5424.2,,,,,2,0,0,0,0,,,CFFEX,,5438.8,IC2401,5425.0,4893.2,5423.4,98284.0,5431.8,5431.8,,99964.0,5436.8,,20240102,3101399640.0,600,09:33:49,5980.4,2855
20240102,5425.8,,,,,3,0,0,0,0,1086298.82107,5424.6,,,,,1,0,0,0,0,,,CFFEX,,5438.8,IC2401,5425.8,4893.2,5423.4,98276.0,5431.8,5431.8,,99964.0,5436.8,,20240102,3114418720.0,100,09:33:50,5980.4,2867
20240102,5425.6,,,,,1,0,0,0,0,1086297.54704,5425.4,,,,,1,0,0,0,0,,,CFFEX,,5438.8,IC2401,5425.2,4893.2,5423.4,98275.0,5431.8,5431.8,,99964.0,5436.8,,20240102,3117673960.0,600,09:33:50,5980.4,2870
20240102,5426.2,,,,,1,0,0,0,0,1086294.19041,5425.6,,,,,4,0,0,0,0,,,CFFEX,,5438.8,IC2401,5426.2,4893.2,5423.4,98271.0,5431.8,5431.8,,99964.0,5436.8,,20240102,3126354680.0,100,09:33:51,5980.4,2878
20240102,5425.6,,,,,1,0,0,0,0,1086291.39688,5424.4,,,,,3,0,0,0,0,,,CFFEX,,5438.8,IC2401,5425.6,4893.2,5423.4,98266.0,5431.8,5431.8,,99964.0,5436.8,,20240102,3133950680.0,600,09:33:51,5980.4,2885
20240102,5425.4,,,,,2,0,0,0,0,1086291.39688,5424.6,,,,,1,0,0,0,0,,,CFFEX,,5438.8,IC2401,5425.6,4893.2,5423.4,98266.0,5431.8,5431.8,,99964.0,5436.8,,20240102,3133950680.0,100,09:33:52,5980.4,2885
20240102,5425.2,,,,,5,0,0,0,0,1086291.39688,5424.8,,,,,1,0,0,0,0,,,CFFEX,,5438.8,IC2401,5425.6,4893.2,5423.4,98266.0,5431.8,5431.8,,99964.0,5436.8,,20240102,3133950680.0,600,09:33:52,5980.4,2885
20240102,5425.2,,,,,5,0,0,0,0,1086289.51194,5424.4,,,,,3,0,0,0,0,,,CFFEX,,5438.8,IC2401,5424.6,4893.2,5423.4,98265.0,5431.8,5431.8,,99964.0,5436.8,,20240102,3138290400.0,100,09:33:53,5980.4,2889
20240102,5426.2,,,,,1,0,0,0,0,1086286.9361,5425.0,,,,,3,0,0,0,0,,,CFFEX,,5438.8,IC2401,5425.2,4893.2,5423.4,98259.0,5431.8,5431.8,,99964.0,5436.8,,20240102,3144800680.0,600,09:33:53,5980.4,2895
20240102,5428.0,,,,,1,0,0,0,0,1086286.25475,5426.4,,,,,2,0,0,0,0,,,CFFEX,,5438.8,IC2401,5426.8,4893.2,5423.4,98257.0,5431.8,5431.8,,99964.0,5436.8,,20240102,3146971280.0,100,09:33:54,5980.4,2897
20240102,5427.8,,,,,3,0,0,0,0,1086285.15684,5426.6,,,,,1,0,0,0,0,,,CFFEX,,5438.8,IC2401,5426.6,4893.2,5423.4,98254.0,5431.8,5431.8,,99964.0,5436.8,,20240102,3151313240.0,600,09:33:54,5980.4,2901
20240102,5427.6,,,,,3,0,0,0,0,1086285.15684,5426.8,,,,,1,0,0,0,0,,,CFFEX,,5438.8,IC2401,5426.6,4893.2,5423.4,98254.0,5431.8,5431.8,,99964.0,5436.8,,20240102,3151313240.0,100,09:33:55,5980.4,2901
20240102,5427.8,,,,,2,0,0,0,0,1086284.02065,5426.8,,,,,3,0,0,0,0,,,CFFEX,,5438.8,IC2401,5427.6,4893.2,5423.4,98251.0,5431.8,5431.8,,99964.0,5436.8,,20240102,3155655080.0,600,09:33:55,5980.4,2905
20240102,5427.8,,,,,2,0,0,0,0,1086283.70268,5426.8,,,,,1,0,0,0,0,,,CFFEX,,5438.8,IC2401,5426.8,4893.2,5423.4,98250.0,5431.8,5431.8,,99964.0,5436.8,,20240102,3156740440.0,100,09:33:56,5980.4,2906
20240102,5427.6,,,,,1,0,0,0,0,1086283.70268,5426.8,,,,,3,0,0,0,0,,,CFFEX,,5438.8,IC2401,5426.8,4893.2,5423.4,98250.0,5431.8,5431.8,,99964.0,5436.8,,20240102,3156740440.0,600,09:33:56,5980.4,2906
20240102,5427.8,,,,,2,0,0,0,0,1086283.43997,5427.0,,,,,1,0,0,0,0,,,CFFEX,,5438.8,IC2401,5427.6,4893.2,5423.4,98249.0,5431.8,5431.8,,99964.0,5436.8,,20240102,3157825960.0,100,09:33:57,5980.4,2907
20240102,5428.6,,,,,1,0,0,0,0,1086282.95634,5427.8,,,,,1,0,0,0,0,,,CFFEX,,5438.8,IC2401,5428.0,4893.2,5423.4,98250.0,5431.8,5431.8,,99964.0,5436.8,,20240102,3159997120.0,600,09:33:57,5980.4,2909
20240102,5429.0,,,,,1,0,0,0,0,1086282.29396,5427.8,,,,,1,0,0,0,0,,,CFFEX,,5438.8,IC2401,5428.6,4893.2,5423.4,98248.0,5431.8,5431.8,,99964.0,5436.8,,20240102,3163254040.0,100,09:33:58,5980.4,2912
20240102,5429.0,,,,,1,0,0,0,0,1086282.29396,5428.6,,,,,1,0,0,0,0,,,CFFEX,,5438.8,IC2401,5428.6,4893.2,5423.4,98248.0,5431.8,5431.8,,99964.0,5436.8,,20240102,3163254040.0,600,09:33:58,5980.4,2912
20240102,5430.0,,,,,1,0,0,0,0,1086281.38498,5427.8,,,,,6,0,0,0,0,,,CFFEX,,5438.8,IC2401,5428.6,4893.2,5423.4,98246.0,5431.8,5431.8,,99964.0,5436.8,,20240102,3168682800.0,100,09:33:59,5980.4,2917
20240102,5429.4,,,,,2,0,0,0,0,1086281.16478,5428.2,,,,,1,0,0,0,0,,,CFFEX,,5438.8,IC2401,5429.8,4893.2,5423.4,98246.0,5431.8,5431.8,,99964.0,5436.8,,20240102,3170854720.0,600,09:33:59,5980.4,2919
20240102,5428.2,,,,,1,0,0,0,0,1086280.47912,5427.8,,,,,6,0,0,0,0,,,CFFEX,,5438.8,IC2401,5428.0,4893.2,5423.4,98245.0,5431.8,5431.8,,99964.0,5436.8,,20240102,3174111560.0,100,09:34:00,5980.4,2922
20240102,5429.2,,,,,1,0,0,0,0,1086279.63102,5428.2,,,,,1,0,0,0,0,,,CFFEX,,5438.8,IC2401,5429.2,4893.2,5423.4,98242.0,5431.8,5431.8,,99964.0,5436.8,,20240102,3179540480.0,600,09:34:00,5980.4,2927
20240102,5429.0,,,,,1,0,0,0,0,1086279.03072,5428.0,,,,,2,0,0,0,0,,,CFFEX,,5438.8,IC2401,5429.0,4893.2,5423.4,98240.0,5431.8,5431.8,,99964.0,5436.8,,20240102,3182797560.0,100,09:34:01,5980.4,2930
20240102,5429.0,,,,,3,0,0,0,0,1086278.86728,5428.0,,,,,2,0,0,0,0,,,CFFEX,,5438.8,IC2401,5429.0,4893.2,5423.4,98239.0,5431.8,5431.8,,99964.0,5436.8,,20240102,3183883360.0,600,09:34:01,5980.4,2931
20240102,5428.8,,,,,1,0,0,0,0,1086278.63574,5428.0,,,,,3,0,0,0,0,,,CFFEX,,5438.8,IC2401,5428.0,4893.2,5423.4,98238.0,5431.8,5431.8,,99964.0,5436.8,,20240102,3184968960.0,100,09:34:02,5980.4,2932
20240102,5428.0,,,,,1,0,0,0,0,1086277.19537,5427.4,,,,,2,0,0,0,0,,,CFFEX,,5438.8,IC2401,5427.6,4893.2,5423.4,98234.0,5431.8,5431.8,,99964.0,5436.8,,20240102,3191482400.0,100,09:34:03,5980.4,2938
20240102,5428.4,,,,,2,0,0,0,0,1086276.00408,5427.0,,,,,3,0,0,0,0,,,CFFEX,,5438.8,IC2401,5427.6,4893.2,5423.4,98232.0,5431.8,5431.8,,99964.0,5436.8,,20240102,3196910280.0,600,09:34:03,5980.4,2943
20240102,5427.8,,,,,3,0,0,0,0,1086275.09844,5427.6,,,,,1,0,0,0,0,,,CFFEX,,5438.8,IC2401,5426.8,4893.2,5423.4,98230.0,5431.8,5431.8,,99964.0,5436.8,,20240102,3200166440.0,100,09:34:04,5980.4,2946
20240102,5427.0,,,,,4,0,0,0,0,1086273.92542,5426.6,,,,,2,0,0,0,0,,,CFFEX,,5438.8,IC2401,5427.0,4893.2,5423.4,98228.0,5431.8,5431.8,,99964.0,5436.8,,20240102,3204508080.0,600,09:34:04,5980.4,2950
20240102,5427.4,,,,,3,0,0,0,0,1086271.73487,5425.4,,,,,2,0,0,0,0,,,CFFEX,,5438.8,IC2401,5426.8,4893.2,5423.4,98221.0,5431.8,5431.8,,99964.0,5436.8,,20240102,3212105520.0,100,09:34:05,5980.4,2957
20240102,5427.2,,,,,4,0,0,0,0,1086271.73487,5425.6,,,,,11,0,0,0,0,,,CFFEX,,5438.8,IC2401,5426.8,4893.2,5423.4,98221.0,5431.8,5431.8,,99964.0,5436.8,,20240102,3212105520.0,600,09:34:05,5980.4,2957
20240102,5427.0,,,,,1,0,0,0,0,1086271.44016,5426.6,,,,,1,0,0,0,0,,,CFFEX,,5438.8,IC2401,5427.0,4893.2,5423.4,98222.0,5431.8,5431.8,,99964.0,5436.8,,20240102,3213190920.0,100,09:34:06,5980.4,2958
20240102,5426.0,,,,,1,0,0,0,0,1086270.36812,5425.8,,,,,2,0,0,0,0,,,CFFEX,,5438.8,IC2401,5425.8,4893.2,5423.4,98220.0,5431.8,5431.8,,99964.0,5436.8,,20240102,3216446560.0,600,09:34:06,5980.4,2961
20240102,5427.4,,,,,2,0,0,0,0,1086267.20539,5425.6,,,,,2,0,0,0,0,,,CFFEX,,5438.8,IC2401,5426.0,4893.2,5423.4,98214.0,5431.8,5431.8,,99964.0,5436.8,,20240102,3226213600.0,100,09:34:07,5980.4,2970
20240102,5426.8,,,,,4,0,0,0,0,1086266.81925,5425.6,,,,,3,0,0,0,0,,,CFFEX,,5438.8,IC2401,5425.6,4893.2,5423.4,98213.0,5431.8,5431.8,,99964.0,5436.8,,20240102,3227298720.0,600,09:34:07,5980.4,2971
20240102,5426.6,,,,,6,0,0,0,0,1086264.90591,5425.4,,,,,1,0,0,0,0,,,CFFEX,,5438.8,IC2401,5425.8,4893.2,5423.4,98209.0,5431.8,5431.8,,99964.0,5436.8,,20240102,3232724360.0,100,09:34:08,5980.4,2976
20240102,5425.6,,,,,1,0,0,0,0,1086264.137,5425.4,,,,,2,0,0,0,0,,,CFFEX,,5438.8,IC2401,5425.4,4893.2,5423.4,98209.0,5431.8,5431.8,,99964.0,5436.8,,20240102,3234894600.0,600,09:34:08,5980.4,2978
20240102,5426.4,,,,,2,0,0,0,0,1086262.60228,5425.4,,,,,2,0,0,0,0,,,CFFEX,,5438.8,IC2401,5425.6,4893.2,5423.4,98206.0,5431.8,5431.8,,99964.0,5436.8,,20240102,3239235080.0,100,09:34:09,5980.4,2982
20240102,5425.8,,,,,1,0,0,0,0,1086261.44054,5425.2,,,,,1,0,0,0,0,,,CFFEX,,5438.8,IC2401,5425.4,4893.2,5423.4,98205.0,5431.8,5431.8,,99964.0,5436.8,,20240102,3242490400.0,600,09:34:09,5980.4,2985
20240102,5425.6,,,,,1,0,0,0,0,1086259.80596,5425.0,,,,,4,0,0,0,0,,,CFFEX,,5438.8,IC2401,5425.0,4893.2,5423.4,98204.0,5431.8,5431.8,,99964.0,5436.8,,20240102,3246830560.0,100,09:34:10,5980.4,2989
20240102,5425.6,,,,,1,0,0,0,0,1086258.21584,5425.0,,,,,3,0,0,0,0,,,CFFEX,,5438.8,IC2401,5425.4,4893.2,5423.4,98204.0,5431.8,5431.8,,99964.0,5436.8,,20240102,3251170840.0,600,09:34:10,5980.4,2993
20240102,5425.4,,,,,2,0,0,0,0,1086258.21584,5425.0,,,,,3,0,0,0,0,,,CFFEX,,5438.8,IC2401,5425.4,4893.2,5423.4,98204.0,5431.8,5431.8,,99964.0,5436.8,,20240102,3251170840.0,100,09:34:11,5980.4,2993
20240102,5425.4,,,,,2,0,0,0,0,1086257.42905,5425.2,,,,,2,0,0,0,0,,,CFFEX,,5438.8,IC2401,5425.4,4893.2,5423.4,98202.0,5431.8,5431.8,,99964.0,5436.8,,20240102,3253341000.0,600,09:34:11,5980.4,2995
20240102,5426.4,,,,,2,0,0,0,0,1086254.27905,5425.4,,,,,2,0,0,0,0,,,CFFEX,,5438.8,IC2401,5425.4,4893.2,5423.4,98197.0,5431.8,5431.8,,99964.0,5436.8,,20240102,3262021600.0,100,09:34:12,5980.4,3003
20240102,5426.4,,,,,1,0,0,0,0,1086253.95473,5425.6,,,,,2,0,0,0,0,,,CFFEX,,5438.8,IC2401,5426.4,4893.2,5423.4,98197.0,5431.8,5431.8,,99964.0,5436.8,,20240102,3263106880.0,600,09:34:12,5980.4,3004
20240102,5426.2,,,,,1,0,0,0,0,1086253.24019,5425.6,,,,,3,0,0,0,0,,,CFFEX,,5438.8,IC2401,5426.2,4893.2,5423.4,98196.0,5431.8,5431.8,,99964.0,5436.8,,20240102,3265277240.0,100,09:34:13,5980.4,3006
20240102,5426.0,,,,,3,0,0,0,0,1086253.24019,5425.8,,,,,1,0,0,0,0,,,CFFEX,,5438.8,IC2401,5426.2,4893.2,5423.4,98196.0,5431.8,5431.8,,99964.0,5436.8,,20240102,3265277240.0,600,09:34:13,5980.4,3006
20240102,5426.8,,,,,1,0,0,0,0,1086251.82724,5425.6,,,,,3,0,0,0,0,,,CFFEX,,5438.8,IC2401,5426.0,4893.2,5423.4,98195.0,5431.8,5431.8,,99964.0,5436.8,,20240102,3269618000.0,100,09:34:14,5980.4,3010
20240102,5426.4,,,,,1,0,0,0,0,1086251.45135,5425.8,,,,,1,0,0,0,0,,,CFFEX,,5438.8,IC2401,5425.6,4893.2,5423.4,98194.0,5431.8,5431.8,,99964.0,5436.8,,20240102,3270703120.0,600,09:34:14,5980.4,3011
20240102,5426.2,,,,,1,0,0,0,0,1086250.01658,5425.6,,,,,1,0,0,0,0,,,CFFEX,,5438.8,IC2401,5426.2,4893.2,5423.4,98192.0,5431.8,5431.8,,99964.0,5436.8,,20240102,3275043800.0,100,09:34:15,5980.4,3015
