交易日,合约代码,交易所代码,合约在交易所的代码,最新价,上次结算价,昨收盘,昨持仓量,今开盘,最高价,最低价,数量,成交金额,持仓量,今收盘,本次结算价,涨停板价,跌停板价,昨虚实度,今虚实度,最后修改时间,最后修改毫秒,申买价一,申买量一,申卖价一,申卖量一,申买价二,申买量二,申卖价二,申卖量二,申买价三,申买量三,申卖价三,申卖量三,申买价四,申买量四,申卖价四,申卖量四,申买价五,申买量五,申卖价五,申卖量五,当日均价,业务日期
20230120,IH2301,,,2821.4000,2815.0000,2818.4000,17718,2821.4000,2821.4000,2821.4000,127,107495340.0000,17595,0.0000,0.0000,3378.0000,2252.0000,0,0,09:29:00,200,2821.2000,7,2822.0000,10,0.0000,0,0.0000,0,0.0000,0,0.0000,0,0.0000,0,0.0000,0,0.0000,0,0.0000,0,846420.0000,20230120
20230120,IH2301,,,2824.6000,2815.0000,2818.4000,17718,2821.4000,2828.0000,2821.4000,148,125283600.0000,17590,0.0000,0.0000,3378.0000,2252.0000,0,0,09:30:00,200,2824.6000,1,2831.2000,14,0.0000,0,0.0000,0,0.0000,0,0.0000,0,0.0000,0,0.0000,0,0.0000,0,0.0000,0,846510.8108,20230120
20230120,IH2301,,,2826.0000,2815.0000,2818.4000,17718,2821.4000,2831.0000,2821.4000,184,155813640.0000,17567,0.0000,0.0000,3378.0000,2252.0000,0,0,09:30:00,700,2826.0000,2,2830.2000,1,0.0000,0,0.0000,0,0.0000,0,0.0000,0,0.0000,0,0.0000,0,0.0000,0,0.0000,0,846813.2609,20230120
20230120,IH2301,,,2828.8000,2815.0000,2818.4000,17718,2821.4000,2831.0000,2821.4000,208,176181540.0000,17552,0.0000,0.0000,3378.0000,2252.0000,0,0,09:30:01,200,2828.2000,1,2830.2000,15,0.0000,0,0.0000,0,0.0000,0,0.0000,0,0.0000,0,0.0000,0,0.0000,0,0.0000,0,847026.6346,20230120
20230120,IH2301,,,2830.2000,2815.0000,2818.4000,17718,2821.4000,2831.0000,2821.4000,226,191462280.0000,17535,0.0000,0.0000,3378.0000,2252.0000,0,0,09:30:01,700,2828.6000,1,2830.2000,33,0.0000,0,0.0000,0,0.0000,0,0.0000,0,0.0000,0,0.0000,0,0.0000,0,0.0000,0,847178.2301,20230120
20230120,IH2301,,,2828.8000,2815.0000,2818.4000,17718,2821.4000,2831.0000,2821.4000,238,201648900.0000,17523,0.0000,0.0000,3378.0000,2252.0000,0,0,09:30:02,200,2828.8000,9,2830.0000,2,0.0000,0,0.0000,0,0.0000,0,0.0000,0,0.0000,0,0.0000,0,0.0000,0,0.0000,0,847264.2857,20230120
20230120,IH2301,,,2829.2000,2815.0000,2818.4000,17718,2821.4000,2831.0000,2821.4000,243,205892940.0000,17519,0.0000,0.0000,3378.0000,2252.0000,0,0,09:30:02,700,2829.2000,1,2829.8000,10,0.0000,0,0.0000,0,0.0000,0,0.0000,0,0.0000,0,0.0000,0,0.0000,0,0.0000,0,847296.0494,20230120
20230120,IH2301,,,2830.2000,2815.0000,2818.4000,17718,2821.4000,2831.0000,2821.4000,274,232210320.0000,17500,0.0000,0.0000,3378.0000,2252.0000,0,0,09:30:03,200,2829.8000,1,2830.2000,18,0.0000,0,0.0000,0,0.0000,0,0.0000,0,0.0000,0,0.0000,0,0.0000,0,0.0000,0,847482.9197,20230120
20230120,IH2301,,,2830.2000,2815.0000,2818.4000,17718,2821.4000,2831.0000,2821.4000,285,241548780.0000,17491,0.0000,0.0000,3378.0000,2252.0000,0,0,09:30:03,700,2829.8000,3,2830.2000,14,0.0000,0,0.0000,0,0.0000,0,0.0000,0,0.0000,0,0.0000,0,0.0000,0,0.0000,0,847539.5789,20230120
20230120,IH2301,,,2830.0000,2815.0000,2818.4000,17718,2821.4000,2831.0000,2821.4000,292,247491660.0000,17484,0.0000,0.0000,3378.0000,2252.0000,0,0,09:30:04,200,2830.0000,4,2830.2000,13,0.0000,0,0.0000,0,0.0000,0,0.0000,0,0.0000,0,0.0000,0,0.0000,0,0.0000,0,847574.1781,20230120
20230120,IH2301,,,2830.2000,2815.0000,2818.4000,17718,2821.4000,2831.0000,2821.4000,311,263623080.0000,17466,0.0000,0.0000,3378.0000,2252.0000,0,0,09:30:04,700,2830.0000,1,2830.2000,2,0.0000,0,0.0000,0,0.0000,0,0.0000,0,0.0000,0,0.0000,0,0.0000,0,0.0000,0,847662.6367,20230120
20230120,IH2301,,,2830.4000,2815.0000,2818.4000,17718,2821.4000,2831.0000,2821.4000,319,270415320.0000,17460,0.0000,0.0000,3378.0000,2252.0000,0,0,09:30:05,200,2830.8000,1,2831.0000,28,0.0000,0,0.0000,0,0.0000,0,0.0000,0,0.0000,0,0.0000,0,0.0000,0,0.0000,0,847696.9279,20230120
20230120,IH2301,,,2831.0000,2815.0000,2818.4000,17718,2821.4000,2831.0000,2821.4000,323,273812340.0000,17457,0.0000,0.0000,3378.0000,2252.0000,0,0,09:30:05,700,2829.8000,3,2830.8000,1,0.0000,0,0.0000,0,0.0000,0,0.0000,0,0.0000,0,0.0000,0,0.0000,0,0.0000,0,847716.2229,20230120
20230120,IH2301,,,2830.4000,2815.0000,2818.4000,17718,2821.4000,2831.0000,2821.4000,332,281455680.0000,17448,0.0000,0.0000,3378.0000,2252.0000,0,0,09:30:06,200,2830.2000,1,2830.8000,1,0.0000,0,0.0000,0,0.0000,0,0.0000,0,0.0000,0,0.0000,0,0.0000,0,0.0000,0,847758.0723,20230120
20230120,IH2301,,,2830.8000,2815.0000,2818.4000,17718,2821.4000,2831.0000,2821.4000,334,283154100.0000,17446,0.0000,0.0000,3378.0000,2252.0000,0,0,09:30:06,700,2830.4000,1,2831.0000,21,0.0000,0,0.0000,0,0.0000,0,0.0000,0,0.0000,0,0.0000,0,0.0000,0,0.0000,0,847766.7665,20230120
20230120,IH2301,,,2830.6000,2815.0000,2818.4000,17718,2821.4000,2831.0000,2821.4000,338,286550820.0000,17442,0.0000,0.0000,3378.0000,2252.0000,0,0,09:30:07,200,2830.4000,1,2830.8000,1,0.0000,0,0.0000,0,0.0000,0,0.0000,0,0.0000,0,0.0000,0,0.0000,0,0.0000,0,847783.4911,20230120
20230120,IH2301,,,2831.0000,2815.0000,2818.4000,17718,2821.4000,2831.0000,2821.4000,341,289098240.0000,17439,0.0000,0.0000,3378.0000,2252.0000,0,0,09:30:07,700,2830.6000,1,2831.0000,20,0.0000,0,0.0000,0,0.0000,0,0.0000,0,0.0000,0,0.0000,0,0.0000,0,0.0000,0,847795.4252,20230120
20230120,IH2301,,,2830.6000,2815.0000,2818.4000,17718,2821.4000,2831.0000,2821.4000,345,292494960.0000,17435,0.0000,0.0000,3378.0000,2252.0000,0,0,09:30:08,200,2830.2000,1,2831.0000,21,0.0000,0,0.0000,0,0.0000,0,0.0000,0,0.0000,0,0.0000,0,0.0000,0,0.0000,0,847811.4783,20230120
20230120,IH2301,,,2831.0000,2815.0000,2818.4000,17718,2821.4000,2831.0000,2821.4000,348,295042500.0000,17432,0.0000,0.0000,3378.0000,2252.0000,0,0,09:30:08,700,2830.4000,1,2831.0000,20,0.0000,0,0.0000,0,0.0000,0,0.0000,0,0.0000,0,0.0000,0,0.0000,0,0.0000,0,847823.2759,20230120
20230120,IH2301,,,2830.8000,2815.0000,2818.4000,17718,2821.4000,2831.0000,2821.4000,350,296741040.0000,17431,0.0000,0.0000,3378.0000,2252.0000,0,0,09:30:09,200,2830.4000,1,2831.0000,19,0.0000,0,0.0000,0,0.0000,0,0.0000,0,0.0000,0,0.0000,0,0.0000,0,0.0000,0,847831.5429,20230120
20230120,IH2301,,,2830.8000,2815.0000,2818.4000,17718,2821.4000,2831.0000,2821.4000,350,296741040.0000,17431,0.0000,0.0000,3378.0000,2252.0000,0,0,09:30:09,700,2830.6000,2,2831.0000,19,0.0000,0,0.0000,0,0.0000,0,0.0000,0,0.0000,0,0.0000,0,0.0000,0,0.0000,0,847831.5429,20230120
20230120,IH2301,,,2830.4000,2815.0000,2818.4000,17718,2821.4000,2831.0000,2821.4000,360,305233500.0000,17421,0.0000,0.0000,3378.0000,2252.0000,0,0,09:30:10,200,2830.2000,1,2830.4000,1,0.0000,0,0.0000,0,0.0000,0,0.0000,0,0.0000,0,0.0000,0,0.0000,0,0.0000,0,847870.8333,20230120
20230120,IH2301,,,2830.2000,2815.0000,2818.4000,17718,2821.4000,2831.0000,2821.4000,364,308629920.0000,17417,0.0000,0.0000,3378.0000,2252.0000,0,0,09:30:10,700,2829.8000,1,2830.2000,1,0.0000,0,0.0000,0,0.0000,0,0.0000,0,0.0000,0,0.0000,0,0.0000,0,0.0000,0,847884.3956,20230120
20230120,IH2301,,,2829.8000,2815.0000,2818.4000,17718,2821.4000,2831.0000,2821.4000,369,312875280.0000,17416,0.0000,0.0000,3378.0000,2252.0000,0,0,09:30:11,200,2829.0000,1,2830.0000,1,0.0000,0,0.0000,0,0.0000,0,0.0000,0,0.0000,0,0.0000,0,0.0000,0,0.0000,0,847900.4878,20230120
20230120,IH2301,,,2829.2000,2815.0000,2818.4000,17718,2821.4000,2831.0000,2821.4000,372,315422040.0000,17413,0.0000,0.0000,3378.0000,2252.0000,0,0,09:30:11,700,2829.2000,4,2829.8000,1,0.0000,0,0.0000,0,0.0000,0,0.0000,0,0.0000,0,0.0000,0,0.0000,0,0.0000,0,847908.7097,20230120
20230120,IH2301,,,2830.0000,2815.0000,2818.4000,17718,2821.4000,2831.0000,2821.4000,381,323062620.0000,17404,0.0000,0.0000,3378.0000,2252.0000,0,0,09:30:12,200,2829.8000,2,2830.0000,6,0.0000,0,0.0000,0,0.0000,0,0.0000,0,0.0000,0,0.0000,0,0.0000,0,0.0000,0,847933.3858,20230120
20230120,IH2301,,,2830.6000,2815.0000,2818.4000,17718,2821.4000,2831.0000,2821.4000,391,331553220.0000,17394,0.0000,0.0000,3378.0000,2252.0000,0,0,09:30:12,700,2830.0000,2,2830.6000,1,0.0000,0,0.0000,0,0.0000,0,0.0000,0,0.0000,0,0.0000,0,0.0000,0,0.0000,0,847962.1995,20230120
20230120,IH2301,,,2830.6000,2815.0000,2818.4000,17718,2821.4000,2831.0000,2821.4000,392,332402400.0000,17393,0.0000,0.0000,3378.0000,2252.0000,0,0,09:30:13,200,2830.2000,6,2830.8000,5,0.0000,0,0.0000,0,0.0000,0,0.0000,0,0.0000,0,0.0000,0,0.0000,0,0.0000,0,847965.3061,20230120
20230120,IH2301,,,2830.4000,2815.0000,2818.4000,17718,2821.4000,2831.0000,2821.4000,404,342593160.0000,17382,0.0000,0.0000,3378.0000,2252.0000,0,0,09:30:13,700,2830.4000,5,2830.8000,2,0.0000,0,0.0000,0,0.0000,0,0.0000,0,0.0000,0,0.0000,0,0.0000,0,0.0000,0,848002.8713,20230120
20230120,IH2301,,,2831.0000,2815.0000,2818.4000,17718,2821.4000,2831.0000,2821.4000,407,345140940.0000,17379,0.0000,0.0000,3378.0000,2252.0000,0,0,09:30:14,200,2830.6000,4,2831.0000,15,0.0000,0,0.0000,0,0.0000,0,0.0000,0,0.0000,0,0.0000,0,0.0000,0,0.0000,0,848012.1376,20230120
20230120,IH2301,,,2831.0000,2815.0000,2818.4000,17718,2821.4000,2831.0000,2821.4000,417,353633940.0000,17369,0.0000,0.0000,3378.0000,2252.0000,0,0,09:30:14,700,2830.8000,1,2831.0000,5,0.0000,0,0.0000,0,0.0000,0,0.0000,0,0.0000,0,0.0000,0,0.0000,0,0.0000,0,848043.0216,20230120
20230120,IH2301,,,2830.6000,2815.0000,2818.4000,17718,2821.4000,2831.0000,2821.4000,433,367221240.0000,17353,0.0000,0.0000,3378.0000,2252.0000,0,0,09:30:15,200,2830.2000,3,2831.0000,3,0.0000,0,0.0000,0,0.0000,0,0.0000,0,0.0000,0,0.0000,0,0.0000,0,0.0000,0,848086.0046,20230120
20230120,IH2301,,,2831.2000,2815.0000,2818.4000,17718,2821.4000,2831.2000,2821.4000,454,385051740.0000,17333,0.0000,0.0000,3378.0000,2252.0000,0,0,09:30:15,700,2830.2000,3,2831.2000,33,0.0000,0,0.0000,0,0.0000,0,0.0000,0,0.0000,0,0.0000,0,0.0000,0,0.0000,0,848131.5859,20230120
20230120,IH2301,,,2831.0000,2815.0000,2818.4000,17718,2821.4000,2831.2000,2821.4000,466,395242140.0000,17321,0.0000,0.0000,3378.0000,2252.0000,0,0,09:30:16,200,2831.0000,17,2831.2000,33,0.0000,0,0.0000,0,0.0000,0,0.0000,0,0.0000,0,0.0000,0,0.0000,0,0.0000,0,848159.0987,20230120
20230120,IH2301,,,2831.0000,2815.0000,2818.4000,17718,2821.4000,2831.2000,2821.4000,487,413077200.0000,17300,0.0000,0.0000,3378.0000,2252.0000,0,0,09:30:16,700,2830.2000,4,2831.2000,33,0.0000,0,0.0000,0,0.0000,0,0.0000,0,0.0000,0,0.0000,0,0.0000,0,0.0000,0,848207.8029,20230120
20230120,IH2301,,,2831.0000,2815.0000,2818.4000,17718,2821.4000,2831.2000,2821.4000,487,413077200.0000,17300,0.0000,0.0000,3378.0000,2252.0000,0,0,09:30:17,200,2830.4000,1,2830.8000,1,0.0000,0,0.0000,0,0.0000,0,0.0000,0,0.0000,0,0.0000,0,0.0000,0,0.0000,0,848207.8029,20230120
20230120,IH2301,,,2830.4000,2815.0000,2818.4000,17718,2821.4000,2831.2000,2821.4000,494,419020800.0000,17293,0.0000,0.0000,3378.0000,2252.0000,0,0,09:30:17,700,2829.4000,2,2830.8000,2,0.0000,0,0.0000,0,0.0000,0,0.0000,0,0.0000,0,0.0000,0,0.0000,0,0.0000,0,848220.2429,20230120
20230120,IH2301,,,2829.6000,2815.0000,2818.4000,17718,2821.4000,2831.2000,2821.4000,497,421567740.0000,17290,0.0000,0.0000,3378.0000,2252.0000,0,0,09:30:18,200,2829.6000,3,2830.6000,4,0.0000,0,0.0000,0,0.0000,0,0.0000,0,0.0000,0,0.0000,0,0.0000,0,0.0000,0,848224.8290,20230120
20230120,IH2301,,,2829.8000,2815.0000,2818.4000,17718,2821.4000,2831.2000,2821.4000,516,437697060.0000,17272,0.0000,0.0000,3378.0000,2252.0000,0,0,09:30:18,700,2826.2000,2,2829.2000,8,0.0000,0,0.0000,0,0.0000,0,0.0000,0,0.0000,0,0.0000,0,0.0000,0,0.0000,0,848250.1163,20230120
20230120,IH2301,,,2829.2000,2815.0000,2818.4000,17718,2821.4000,2831.2000,2821.4000,519,440243580.0000,17269,0.0000,0.0000,3378.0000,2252.0000,0,0,09:30:19,200,2827.4000,2,2829.0000,2,0.0000,0,0.0000,0,0.0000,0,0.0000,0,0.0000,0,0.0000,0,0.0000,0,0.0000,0,848253.5260,20230120
20230120,IH2301,,,2829.0000,2815.0000,2818.4000,17718,2821.4000,2831.2000,2821.4000,520,441092280.0000,17268,0.0000,0.0000,3378.0000,2252.0000,0,0,09:30:19,700,2827.8000,1,2828.8000,6,0.0000,0,0.0000,0,0.0000,0,0.0000,0,0.0000,0,0.0000,0,0.0000,0,0.0000,0,848254.3846,20230120
20230120,IH2301,,,2827.6000,2815.0000,2818.4000,17718,2821.4000,2831.2000,2821.4000,528,447879960.0000,17261,0.0000,0.0000,3378.0000,2252.0000,0,0,09:30:20,200,2827.6000,3,2828.8000,3,0.0000,0,0.0000,0,0.0000,0,0.0000,0,0.0000,0,0.0000,0,0.0000,0,0.0000,0,848257.5000,20230120
20230120,IH2301,,,2828.8000,2815.0000,2818.4000,17718,2821.4000,2831.2000,2821.4000,534,452971980.0000,17256,0.0000,0.0000,3378.0000,2252.0000,0,0,09:30:20,700,2827.8000,2,2829.2000,7,0.0000,0,0.0000,0,0.0000,0,0.0000,0,0.0000,0,0.0000,0,0.0000,0,0.0000,0,848262.1348,20230120
20230120,IH2301,,,2828.8000,2815.0000,2818.4000,17718,2821.4000,2831.2000,2821.4000,537,455518080.0000,17254,0.0000,0.0000,3378.0000,2252.0000,0,0,09:30:21,200,2828.6000,1,2829.2000,6,0.0000,0,0.0000,0,0.0000,0,0.0000,0,0.0000,0,0.0000,0,0.0000,0,0.0000,0,848264.5810,20230120
20230120,IH2301,,,2829.2000,2815.0000,2818.4000,17718,2821.4000,2831.2000,2821.4000,549,465702540.0000,17242,0.0000,0.0000,3378.0000,2252.0000,0,0,09:30:21,700,2828.0000,2,2829.2000,6,0.0000,0,0.0000,0,0.0000,0,0.0000,0,0.0000,0,0.0000,0,0.0000,0,0.0000,0,848274.2077,20230120
20230120,IH2301,,,2829.2000,2815.0000,2818.4000,17718,2821.4000,2831.2000,2821.4000,551,467400000.0000,17241,0.0000,0.0000,3378.0000,2252.0000,0,0,09:30:22,200,2828.4000,1,2829.2000,5,0.0000,0,0.0000,0,0.0000,0,0.0000,0,0.0000,0,0.0000,0,0.0000,0,0.0000,0,848275.8621,20230120
20230120,IH2301,,,2828.4000,2815.0000,2818.4000,17718,2821.4000,2831.2000,2821.4000,552,468248520.0000,17240,0.0000,0.0000,3378.0000,2252.0000,0,0,09:30:22,700,2828.6000,3,2829.2000,5,0.0000,0,0.0000,0,0.0000,0,0.0000,0,0.0000,0,0.0000,0,0.0000,0,0.0000,0,848276.3043,20230120
20230120,IH2301,,,2828.6000,2815.0000,2818.4000,17718,2821.4000,2831.2000,2821.4000,554,469945680.0000,17238,0.0000,0.0000,3378.0000,2252.0000,0,0,09:30:23,200,2828.8000,1,2829.0000,1,0.0000,0,0.0000,0,0.0000,0,0.0000,0,0.0000,0,0.0000,0,0.0000,0,0.0000,0,848277.4007,20230120
20230120,IH2301,,,2828.8000,2815.0000,2818.4000,17718,2821.4000,2831.2000,2821.4000,559,474188880.0000,17233,0.0000,0.0000,3378.0000,2252.0000,0,0,09:30:23,700,2828.0000,1,2828.8000,1,0.0000,0,0.0000,0,0.0000,0,0.0000,0,0.0000,0,0.0000,0,0.0000,0,0.0000,0,848280.6440,20230120
20230120,IH2301,,,2828.8000,2815.0000,2818.4000,17718,2821.4000,2831.2000,2821.4000,560,475037520.0000,17232,0.0000,0.0000,3378.0000,2252.0000,0,0,09:30:24,200,2828.2000,3,2828.8000,3,0.0000,0,0.0000,0,0.0000,0,0.0000,0,0.0000,0,0.0000,0,0.0000,0,0.0000,0,848281.2857,20230120
20230120,IH2301,,,2828.8000,2815.0000,2818.4000,17718,2821.4000,2831.2000,2821.4000,567,480978000.0000,17225,0.0000,0.0000,3378.0000,2252.0000,0,0,09:30:24,700,2828.8000,2,2829.0000,2,0.0000,0,0.0000,0,0.0000,0,0.0000,0,0.0000,0,0.0000,0,0.0000,0,0.0000,0,848285.7143,20230120
20230120,IH2301,,,2829.0000,2815.0000,2818.4000,17718,2821.4000,2831.2000,2821.4000,579,491162700.0000,17213,0.0000,0.0000,3378.0000,2252.0000,0,0,09:30:25,200,2829.0000,2,2829.4000,4,0.0000,0,0.0000,0,0.0000,0,0.0000,0,0.0000,0,0.0000,0,0.0000,0,0.0000,0,848294.8187,20230120
20230120,IH2301,,,2829.2000,2815.0000,2818.4000,17718,2821.4000,2831.2000,2821.4000,587,497952780.0000,17205,0.0000,0.0000,3378.0000,2252.0000,0,0,09:30:25,700,2828.8000,6,2829.4000,2,0.0000,0,0.0000,0,0.0000,0,0.0000,0,0.0000,0,0.0000,0,0.0000,0,0.0000,0,848301.1584,20230120
20230120,IH2301,,,2829.2000,2815.0000,2818.4000,17718,2821.4000,2831.2000,2821.4000,588,498801540.0000,17204,0.0000,0.0000,3378.0000,2252.0000,0,0,09:30:26,200,2828.8000,9,2829.4000,6,0.0000,0,0.0000,0,0.0000,0,0.0000,0,0.0000,0,0.0000,0,0.0000,0,0.0000,0,848301.9388,20230120
20230120,IH2301,,,2829.2000,2815.0000,2818.4000,17718,2821.4000,2831.2000,2821.4000,588,498801540.0000,17204,0.0000,0.0000,3378.0000,2252.0000,0,0,09:30:26,700,2828.8000,10,2829.0000,1,0.0000,0,0.0000,0,0.0000,0,0.0000,0,0.0000,0,0.0000,0,0.0000,0,0.0000,0,848301.9388,20230120
20230120,IH2301,,,2829.4000,2815.0000,2818.4000,17718,2821.4000,2831.2000,2821.4000,599,508136820.0000,17193,0.0000,0.0000,3378.0000,2252.0000,0,0,09:30:27,200,2828.8000,3,2829.4000,5,0.0000,0,0.0000,0,0.0000,0,0.0000,0,0.0000,0,0.0000,0,0.0000,0,0.0000,0,848308.5476,20230120
20230120,IH2301,,,2829.4000,2815.0000,2818.4000,17718,2821.4000,2831.2000,2821.4000,609,516624480.0000,17183,0.0000,0.0000,3378.0000,2252.0000,0,0,09:30:27,700,2828.4000,1,2829.4000,7,0.0000,0,0.0000,0,0.0000,0,0.0000,0,0.0000,0,0.0000,0,0.0000,0,0.0000,0,848316.0591,20230120
20230120,IH2301,,,2829.4000,2815.0000,2818.4000,17718,2821.4000,2831.2000,2821.4000,609,516624480.0000,17183,0.0000,0.0000,3378.0000,2252.0000,0,0,09:30:28,200,2828.6000,2,2828.8000,1,0.0000,0,0.0000,0,0.0000,0,0.0000,0,0.0000,0,0.0000,0,0.0000,0,0.0000,0,848316.0591,20230120
20230120,IH2301,,,2828.8000,2815.0000,2818.4000,17718,2821.4000,2831.2000,2821.4000,610,517473120.0000,17182,0.0000,0.0000,3378.0000,2252.0000,0,0,09:30:28,700,2829.0000,1,2829.2000,1,0.0000,0,0.0000,0,0.0000,0,0.0000,0,0.0000,0,0.0000,0,0.0000,0,0.0000,0,848316.5902,20230120
20230120,IH2301,,,2829.2000,2815.0000,2818.4000,17718,2821.4000,2831.2000,2821.4000,621,526809900.0000,17172,0.0000,0.0000,3378.0000,2252.0000,0,0,09:30:29,200,2829.2000,2,2830.0000,1,0.0000,0,0.0000,0,0.0000,0,0.0000,0,0.0000,0,0.0000,0,0.0000,0,0.0000,0,848325.1208,20230120
20230120,IH2301,,,2830.0000,2815.0000,2818.4000,17718,2821.4000,2831.2000,2821.4000,623,528507900.0000,17170,0.0000,0.0000,3378.0000,2252.0000,0,0,09:30:29,700,2829.4000,1,2830.4000,1,0.0000,0,0.0000,0,0.0000,0,0.0000,0,0.0000,0,0.0000,0,0.0000,0,0.0000,0,848327.2873,20230120
20230120,IH2301,,,2830.0000,2815.0000,2818.4000,17718,2821.4000,2831.2000,2821.4000,623,528507900.0000,17170,0.0000,0.0000,3378.0000,2252.0000,0,0,09:30:30,200,2829.8000,1,2830.2000,1,0.0000,0,0.0000,0,0.0000,0,0.0000,0,0.0000,0,0.0000,0,0.0000,0,0.0000,0,848327.2873,20230120
20230120,IH2301,,,2829.8000,2815.0000,2818.4000,17718,2821.4000,2831.2000,2821.4000,625,530205780.0000,17168,0.0000,0.0000,3378.0000,2252.0000,0,0,09:30:30,700,2829.0000,3,2829.8000,1,0.0000,0,0.0000,0,0.0000,0,0.0000,0,0.0000,0,0.0000,0,0.0000,0,0.0000,0,848329.2480,20230120
20230120,IH2301,,,2829.0000,2815.0000,2818.4000,17718,2821.4000,2831.2000,2821.4000,632,536148060.0000,17161,0.0000,0.0000,3378.0000,2252.0000,0,0,09:30:31,200,2829.0000,1,2830.4000,1,0.0000,0,0.0000,0,0.0000,0,0.0000,0,0.0000,0,0.0000,0,0.0000,0,0.0000,0,848335.5380,20230120
20230120,IH2301,,,2828.6000,2815.0000,2818.4000,17718,2821.4000,2831.2000,2821.4000,649,550579080.0000,17144,0.0000,0.0000,3378.0000,2252.0000,0,0,09:30:31,700,2828.6000,1,2829.2000,2,0.0000,0,0.0000,0,0.0000,0,0.0000,0,0.0000,0,0.0000,0,0.0000,0,0.0000,0,848349.8921,20230120
20230120,IH2301,,,2829.4000,2815.0000,2818.4000,17718,2821.4000,2831.2000,2821.4000,657,557368980.0000,17136,0.0000,0.0000,3378.0000,2252.0000,0,0,09:30:32,200,2829.4000,1,2830.2000,1,0.0000,0,0.0000,0,0.0000,0,0.0000,0,0.0000,0,0.0000,0,0.0000,0,0.0000,0,848354.6119,20230120
20230120,IH2301,,,2829.4000,2815.0000,2818.4000,17718,2821.4000,2831.2000,2821.4000,664,563310480.0000,17129,0.0000,0.0000,3378.0000,2252.0000,0,0,09:30:32,700,2828.2000,1,2829.4000,1,0.0000,0,0.0000,0,0.0000,0,0.0000,0,0.0000,0,0.0000,0,0.0000,0,0.0000,0,848359.1566,20230120
20230120,IH2301,,,2830.0000,2815.0000,2818.4000,17718,2821.4000,2831.2000,2821.4000,668,566706120.0000,17126,0.0000,0.0000,3378.0000,2252.0000,0,0,09:30:33,200,2828.6000,1,2830.2000,4,0.0000,0,0.0000,0,0.0000,0,0.0000,0,0.0000,0,0.0000,0,0.0000,0,0.0000,0,848362.4551,20230120
20230120,IH2301,,,2830.0000,2815.0000,2818.4000,17718,2821.4000,2831.2000,2821.4000,669,567555120.0000,17125,0.0000,0.0000,3378.0000,2252.0000,0,0,09:30:33,700,2829.0000,2,2830.0000,3,0.0000,0,0.0000,0,0.0000,0,0.0000,0,0.0000,0,0.0000,0,0.0000,0,0.0000,0,848363.4081,20230120
20230120,IH2301,,,2828.8000,2815.0000,2818.4000,17718,2821.4000,2831.2000,2821.4000,672,570101160.0000,17122,0.0000,0.0000,3378.0000,2252.0000,0,0,09:30:34,200,2828.8000,2,2829.0000,2,0.0000,0,0.0000,0,0.0000,0,0.0000,0,0.0000,0,0.0000,0,0.0000,0,0.0000,0,848364.8214,20230120
20230120,IH2301,,,2829.0000,2815.0000,2818.4000,17718,2821.4000,2831.2000,2821.4000,677,574344480.0000,17117,0.0000,0.0000,3378.0000,2252.0000,0,0,09:30:34,700,2828.2000,3,2829.6000,1,0.0000,0,0.0000,0,0.0000,0,0.0000,0,0.0000,0,0.0000,0,0.0000,0,0.0000,0,848367.0310,20230120
20230120,IH2301,,,2829.2000,2815.0000,2818.4000,17718,2821.4000,2831.2000,2821.4000,678,575193240.0000,17117,0.0000,0.0000,3378.0000,2252.0000,0,0,09:30:35,200,2828.2000,3,2829.2000,1,0.0000,0,0.0000,0,0.0000,0,0.0000,0,0.0000,0,0.0000,0,0.0000,0,0.0000,0,848367.6106,20230120
20230120,IH2301,,,2829.2000,2815.0000,2818.4000,17718,2821.4000,2831.2000,2821.4000,678,575193240.0000,17117,0.0000,0.0000,3378.0000,2252.0000,0,0,09:30:35,700,2828.2000,2,2828.6000,1,0.0000,0,0.0000,0,0.0000,0,0.0000,0,0.0000,0,0.0000,0,0.0000,0,0.0000,0,848367.6106,20230120
20230120,IH2301,,,2828.4000,2815.0000,2818.4000,17718,2821.4000,2831.2000,2821.4000,686,581981460.0000,17109,0.0000,0.0000,3378.0000,2252.0000,0,0,09:30:36,200,2828.2000,1,2829.0000,1,0.0000,0,0.0000,0,0.0000,0,0.0000,0,0.0000,0,0.0000,0,0.0000,0,0.0000,0,848369.4752,20230120
20230120,IH2301,,,2828.4000,2815.0000,2818.4000,17718,2821.4000,2831.2000,2821.4000,687,582829980.0000,17108,0.0000,0.0000,3378.0000,2252.0000,0,0,09:30:36,700,2828.6000,1,2828.8000,2,0.0000,0,0.0000,0,0.0000,0,0.0000,0,0.0000,0,0.0000,0,0.0000,0,0.0000,0,848369.6943,20230120
20230120,IH2301,,,2828.4000,2815.0000,2818.4000,17718,2821.4000,2831.2000,2821.4000,691,586224240.0000,17104,0.0000,0.0000,3378.0000,2252.0000,0,0,09:30:37,200,2828.2000,7,2828.6000,2,0.0000,0,0.0000,0,0.0000,0,0.0000,0,0.0000,0,0.0000,0,0.0000,0,0.0000,0,848370.8249,20230120
20230120,IH2301,,,2829.2000,2815.0000,2818.4000,17718,2821.4000,2831.2000,2821.4000,696,590467020.0000,17100,0.0000,0.0000,3378.0000,2252.0000,0,0,09:30:37,700,2828.2000,5,2829.2000,11,0.0000,0,0.0000,0,0.0000,0,0.0000,0,0.0000,0,0.0000,0,0.0000,0,0.0000,0,848372.1552,20230120
20230120,IH2301,,,2829.0000,2815.0000,2818.4000,17718,2821.4000,2831.2000,2821.4000,698,592164420.0000,17100,0.0000,0.0000,3378.0000,2252.0000,0,0,09:30:38,200,2829.0000,13,2829.2000,13,0.0000,0,0.0000,0,0.0000,0,0.0000,0,0.0000,0,0.0000,0,0.0000,0,0.0000,0,848373.0946,20230120
20230120,IH2301,,,2829.2000,2815.0000,2818.4000,17718,2821.4000,2831.2000,2821.4000,715,606592260.0000,17096,0.0000,0.0000,3378.0000,2252.0000,0,0,09:30:38,700,2828.2000,10,2829.2000,13,0.0000,0,0.0000,0,0.0000,0,0.0000,0,0.0000,0,0.0000,0,0.0000,0,0.0000,0,848380.7832,20230120
20230120,IH2301,,,2828.2000,2815.0000,2818.4000,17718,2821.4000,2831.2000,2821.4000,718,609137700.0000,17093,0.0000,0.0000,3378.0000,2252.0000,0,0,09:30:39,200,2828.2000,6,2829.2000,13,0.0000,0,0.0000,0,0.0000,0,0.0000,0,0.0000,0,0.0000,0,0.0000,0,0.0000,0,848381.1978,20230120
20230120,IH2301,,,2828.2000,2815.0000,2818.4000,17718,2821.4000,2831.2000,2821.4000,718,609137700.0000,17093,0.0000,0.0000,3378.0000,2252.0000,0,0,09:30:39,700,2828.2000,6,2829.2000,13,0.0000,0,0.0000,0,0.0000,0,0.0000,0,0.0000,0,0.0000,0,0.0000,0,0.0000,0,848381.1978,20230120
20230120,IH2301,,,2828.2000,2815.0000,2818.4000,17718,2821.4000,2831.2000,2821.4000,718,609137700.0000,17093,0.0000,0.0000,3378.0000,2252.0000,0,0,09:30:40,200,2828.2000,4,2829.2000,17,0.0000,0,0.0000,0,0.0000,0,0.0000,0,0.0000,0,0.0000,0,0.0000,0,0.0000,0,848381.1978,20230120
20230120,IH2301,,,2828.2000,2815.0000,2818.4000,17718,2821.4000,2831.2000,2821.4000,720,610834620.0000,17091,0.0000,0.0000,3378.0000,2252.0000,0,0,09:30:40,700,2828.2000,2,2829.2000,17,0.0000,0,0.0000,0,0.0000,0,0.0000,0,0.0000,0,0.0000,0,0.0000,0,0.0000,0,848381.4167,20230120
20230120,IH2301,,,2829.0000,2815.0000,2818.4000,17718,2821.4000,2831.2000,2821.4000,721,611683320.0000,17090,0.0000,0.0000,3378.0000,2252.0000,0,0,09:30:41,200,2828.6000,3,2829.2000,17,0.0000,0,0.0000,0,0.0000,0,0.0000,0,0.0000,0,0.0000,0,0.0000,0,0.0000,0,848381.8585,20230120
20230120,IH2301,,,2828.2000,2815.0000,2818.4000,17718,2821.4000,2831.2000,2821.4000,725,615077520.0000,17086,0.0000,0.0000,3378.0000,2252.0000,0,0,09:30:41,700,2828.0000,1,2828.2000,2,0.0000,0,0.0000,0,0.0000,0,0.0000,0,0.0000,0,0.0000,0,0.0000,0,0.0000,0,848382.7862,20230120
20230120,IH2301,,,2828.2000,2815.0000,2818.4000,17718,2821.4000,2831.2000,2821.4000,728,617622900.0000,17083,0.0000,0.0000,3378.0000,2252.0000,0,0,09:30:42,200,2828.4000,5,2829.0000,1,0.0000,0,0.0000,0,0.0000,0,0.0000,0,0.0000,0,0.0000,0,0.0000,0,0.0000,0,848383.1044,20230120
20230120,IH2301,,,2828.2000,2815.0000,2818.4000,17718,2821.4000,2831.2000,2821.4000,728,617622900.0000,17083,0.0000,0.0000,3378.0000,2252.0000,0,0,09:30:42,700,2828.4000,5,2828.8000,1,0.0000,0,0.0000,0,0.0000,0,0.0000,0,0.0000,0,0.0000,0,0.0000,0,0.0000,0,848383.1044,20230120
20230120,IH2301,,,2828.4000,2815.0000,2818.4000,17718,2821.4000,2831.2000,2821.4000,732,621017340.0000,17079,0.0000,0.0000,3378.0000,2252.0000,0,0,09:30:43,200,2828.6000,1,2829.0000,2,0.0000,0,0.0000,0,0.0000,0,0.0000,0,0.0000,0,0.0000,0,0.0000,0,0.0000,0,848384.3443,20230120
20230120,IH2301,,,2829.0000,2815.0000,2818.4000,17718,2821.4000,2831.2000,2821.4000,738,626109420.0000,17074,0.0000,0.0000,3378.0000,2252.0000,0,0,09:30:43,700,2828.4000,2,2828.6000,1,0.0000,0,0.0000,0,0.0000,0,0.0000,0,0.0000,0,0.0000,0,0.0000,0,0.0000,0,848386.7480,20230120
20230120,IH2301,,,2828.6000,2815.0000,2818.4000,17718,2821.4000,2831.2000,2821.4000,740,627806640.0000,17072,0.0000,0.0000,3378.0000,2252.0000,0,0,09:30:44,200,2828.6000,2,2829.0000,2,0.0000,0,0.0000,0,0.0000,0,0.0000,0,0.0000,0,0.0000,0,0.0000,0,0.0000,0,848387.3514,20230120
20230120,IH2301,,,2828.6000,2815.0000,2818.4000,17718,2821.4000,2831.2000,2821.4000,742,629503800.0000,17070,0.0000,0.0000,3378.0000,2252.0000,0,0,09:30:44,700,2828.0000,1,2828.6000,1,0.0000,0,0.0000,0,0.0000,0,0.0000,0,0.0000,0,0.0000,0,0.0000,0,0.0000,0,848387.8706,20230120
20230120,IH2301,,,2828.6000,2815.0000,2818.4000,17718,2821.4000,2831.2000,2821.4000,744,631200780.0000,17069,0.0000,0.0000,3378.0000,2252.0000,0,0,09:30:45,200,2827.8000,2,2828.6000,4,0.0000,0,0.0000,0,0.0000,0,0.0000,0,0.0000,0,0.0000,0,0.0000,0,0.0000,0,848388.1452,20230120
20230120,IH2301,,,2828.6000,2815.0000,2818.4000,17718,2821.4000,2831.2000,2821.4000,746,632897940.0000,17067,0.0000,0.0000,3378.0000,2252.0000,0,0,09:30:45,700,2827.8000,2,2828.6000,2,0.0000,0,0.0000,0,0.0000,0,0.0000,0,0.0000,0,0.0000,0,0.0000,0,0.0000,0,848388.6595,20230120
20230120,IH2301,,,2828.6000,2815.0000,2818.4000,17718,2821.4000,2831.2000,2821.4000,746,632897940.0000,17067,0.0000,0.0000,3378.0000,2252.0000,0,0,09:30:46,200,2828.0000,3,2828.6000,8,0.0000,0,0.0000,0,0.0000,0,0.0000,0,0.0000,0,0.0000,0,0.0000,0,0.0000,0,848388.6595,20230120
20230120,IH2301,,,2828.0000,2815.0000,2818.4000,17718,2821.4000,2831.2000,2821.4000,751,637139940.0000,17062,0.0000,0.0000,3378.0000,2252.0000,0,0,09:30:46,700,2827.8000,2,2828.4000,1,0.0000,0,0.0000,0,0.0000,0,0.0000,0,0.0000,0,0.0000,0,0.0000,0,0.0000,0,848388.7350,20230120
20230120,IH2301,,,2828.4000,2815.0000,2818.4000,17718,2821.4000,2831.2000,2821.4000,752,637988460.0000,17061,0.0000,0.0000,3378.0000,2252.0000,0,0,09:30:47,200,2828.0000,2,2828.6000,8,0.0000,0,0.0000,0,0.0000,0,0.0000,0,0.0000,0,0.0000,0,0.0000,0,0.0000,0,848388.9096,20230120
20230120,IH2301,,,2828.4000,2815.0000,2818.4000,17718,2821.4000,2831.2000,2821.4000,752,637988460.0000,17061,0.0000,0.0000,3378.0000,2252.0000,0,0,09:30:47,700,2828.0000,2,2828.6000,11,0.0000,0,0.0000,0,0.0000,0,0.0000,0,0.0000,0,0.0000,0,0.0000,0,0.0000,0,848388.9096,20230120
20230120,IH2301,,,2828.0000,2815.0000,2818.4000,17718,2821.4000,2831.2000,2821.4000,753,638836860.0000,17060,0.0000,0.0000,3378.0000,2252.0000,0,0,09:30:48,200,2828.0000,5,2828.6000,11,0.0000,0,0.0000,0,0.0000,0,0.0000,0,0.0000,0,0.0000,0,0.0000,0,0.0000,0,848388.9243,20230120
20230120,IH2301,,,2828.0000,2815.0000,2818.4000,17718,2821.4000,2831.2000,2821.4000,754,639685260.0000,17059,0.0000,0.0000,3378.0000,2252.0000,0,0,09:30:48,700,2828.0000,7,2828.4000,1,0.0000,0,0.0000,0,0.0000,0,0.0000,0,0.0000,0,0.0000,0,0.0000,0,0.0000,0,848388.9390,20230120
20230120,IH2301,,,2828.6000,2815.0000,2818.4000,17718,2821.4000,2831.2000,2821.4000,761,645624360.0000,17052,0.0000,0.0000,3378.0000,2252.0000,0,0,09:30:49,200,2828.4000,1,2828.6000,10,0.0000,0,0.0000,0,0.0000,0,0.0000,0,0.0000,0,0.0000,0,0.0000,0,0.0000,0,848389.4350,20230120
20230120,IH2301,,,2828.4000,2815.0000,2818.4000,17718,2821.4000,2831.2000,2821.4000,763,647321400.0000,17050,0.0000,0.0000,3378.0000,2252.0000,0,0,09:30:49,700,2828.4000,2,2828.6000,10,0.0000,0,0.0000,0,0.0000,0,0.0000,0,0.0000,0,0.0000,0,0.0000,0,0.0000,0,848389.7772,20230120
20230120,IH2301,,,2828.0000,2815.0000,2818.4000,17718,2821.4000,2831.2000,2821.4000,766,649866840.0000,17047,0.0000,0.0000,3378.0000,2252.0000,0,0,09:30:50,200,2828.0000,2,2828.2000,4,0.0000,0,0.0000,0,0.0000,0,0.0000,0,0.0000,0,0.0000,0,0.0000,0,0.0000,0,848390.1305,20230120
20230120,IH2301,,,2828.2000,2815.0000,2818.4000,17718,2821.4000,2831.2000,2821.4000,771,654108780.0000,17042,0.0000,0.0000,3378.0000,2252.0000,0,0,09:30:50,700,2827.2000,1,2828.2000,2,0.0000,0,0.0000,0,0.0000,0,0.0000,0,0.0000,0,0.0000,0,0.0000,0,0.0000,0,848390.1167,20230120
20230120,IH2301,,,2828.0000,2815.0000,2818.4000,17718,2821.4000,2831.2000,2821.4000,772,654957180.0000,17041,0.0000,0.0000,3378.0000,2252.0000,0,0,09:30:51,200,2828.0000,2,2828.2000,2,0.0000,0,0.0000,0,0.0000,0,0.0000,0,0.0000,0,0.0000,0,0.0000,0,0.0000,0,848390.1295,20230120
20230120,IH2301,,,2828.0000,2815.0000,2818.4000,17718,2821.4000,2831.2000,2821.4000,777,659199480.0000,17036,0.0000,0.0000,3378.0000,2252.0000,0,0,09:30:51,700,2827.6000,1,2828.6000,9,0.0000,0,0.0000,0,0.0000,0,0.0000,0,0.0000,0,0.0000,0,0.0000,0,0.0000,0,848390.5792,20230120
20230120,IH2301,,,2828.0000,2815.0000,2818.4000,17718,2821.4000,2831.2000,2821.4000,777,659199480.0000,17036,0.0000,0.0000,3378.0000,2252.0000,0,0,09:30:52,200,2827.6000,2,2828.6000,9,0.0000,0,0.0000,0,0.0000,0,0.0000,0,0.0000,0,0.0000,0,0.0000,0,0.0000,0,848390.5792,20230120
20230120,IH2301,,,2828.0000,2815.0000,2818.4000,17718,2821.4000,2831.2000,2821.4000,777,659199480.0000,17036,0.0000,0.0000,3378.0000,2252.0000,0,0,09:30:52,700,2827.8000,1,2828.0000,1,0.0000,0,0.0000,0,0.0000,0,0.0000,0,0.0000,0,0.0000,0,0.0000,0,0.0000,0,848390.5792,20230120
20230120,IH2301,,,2828.6000,2815.0000,2818.4000,17718,2821.4000,2831.2000,2821.4000,781,662593620.0000,17032,0.0000,0.0000,3378.0000,2252.0000,0,0,09:30:53,200,2827.8000,1,2828.6000,9,0.0000,0,0.0000,0,0.0000,0,0.0000,0,0.0000,0,0.0000,0,0.0000,0,0.0000,0,848391.3188,20230120
20230120,IH2301,,,2828.2000,2815.0000,2818.4000,17718,2821.4000,2831.2000,2821.4000,783,664290540.0000,17031,0.0000,0.0000,3378.0000,2252.0000,0,0,09:30:53,700,2828.0000,2,2828.6000,9,0.0000,0,0.0000,0,0.0000,0,0.0000,0,0.0000,0,0.0000,0,0.0000,0,0.0000,0,848391.4943,20230120
20230120,IH2301,,,2828.6000,2815.0000,2818.4000,17718,2821.4000,2831.2000,2821.4000,784,665139120.0000,17030,0.0000,0.0000,3378.0000,2252.0000,0,0,09:30:54,200,2828.0000,2,2828.6000,8,0.0000,0,0.0000,0,0.0000,0,0.0000,0,0.0000,0,0.0000,0,0.0000,0,0.0000,0,848391.7347,20230120
20230120,IH2301,,,2828.2000,2815.0000,2818.4000,17718,2821.4000,2831.2000,2821.4000,785,665987580.0000,17029,0.0000,0.0000,3378.0000,2252.0000,0,0,09:30:54,700,2828.2000,1,2828.4000,1,0.0000,0,0.0000,0,0.0000,0,0.0000,0,0.0000,0,0.0000,0,0.0000,0,0.0000,0,848391.8217,20230120
20230120,IH2301,,,2828.4000,2815.0000,2818.4000,17718,2821.4000,2831.2000,2821.4000,787,667684560.0000,17027,0.0000,0.0000,3378.0000,2252.0000,0,0,09:30:55,200,2827.6000,1,2828.4000,1,0.0000,0,0.0000,0,0.0000,0,0.0000,0,0.0000,0,0.0000,0,0.0000,0,0.0000,0,848392.0712,20230120
20230120,IH2301,,,2828.4000,2815.0000,2818.4000,17718,2821.4000,2831.2000,2821.4000,787,667684560.0000,17027,0.0000,0.0000,3378.0000,2252.0000,0,0,09:30:55,700,2827.8000,1,2828.4000,1,0.0000,0,0.0000,0,0.0000,0,0.0000,0,0.0000,0,0.0000,0,0.0000,0,0.0000,0,848392.0712,20230120
20230120,IH2301,,,2827.8000,2815.0000,2818.4000,17718,2821.4000,2831.2000,2821.4000,790,670229820.0000,17024,0.0000,0.0000,3378.0000,2252.0000,0,0,09:30:56,200,2827.6000,1,2827.8000,2,0.0000,0,0.0000,0,0.0000,0,0.0000,0,0.0000,0,0.0000,0,0.0000,0,0.0000,0,848392.1772,20230120
20230120,IH2301,,,2827.8000,2815.0000,2818.4000,17718,2821.4000,2831.2000,2821.4000,792,671926500.0000,17022,0.0000,0.0000,3378.0000,2252.0000,0,0,09:30:56,700,2828.4000,2,2828.6000,8,0.0000,0,0.0000,0,0.0000,0,0.0000,0,0.0000,0,0.0000,0,0.0000,0,0.0000,0,848392.0455,20230120
20230120,IH2301,,,2828.4000,2815.0000,2818.4000,17718,2821.4000,2831.2000,2821.4000,795,674472120.0000,17019,0.0000,0.0000,3378.0000,2252.0000,0,0,09:30:57,200,2828.0000,1,2828.6000,7,0.0000,0,0.0000,0,0.0000,0,0.0000,0,0.0000,0,0.0000,0,0.0000,0,0.0000,0,848392.6038,20230120
20230120,IH2301,,,2828.0000,2815.0000,2818.4000,17718,2821.4000,2831.2000,2821.4000,796,675320520.0000,17018,0.0000,0.0000,3378.0000,2252.0000,0,0,09:30:57,700,2828.0000,5,2828.2000,2,0.0000,0,0.0000,0,0.0000,0,0.0000,0,0.0000,0,0.0000,0,0.0000,0,0.0000,0,848392.6131,20230120
20230120,IH2301,,,2828.6000,2815.0000,2818.4000,17718,2821.4000,2831.2000,2821.4000,800,678714600.0000,17014,0.0000,0.0000,3378.0000,2252.0000,0,0,09:30:58,200,2828.0000,5,2828.6000,5,0.0000,0,0.0000,0,0.0000,0,0.0000,0,0.0000,0,0.0000,0,0.0000,0,0.0000,0,848393.2500,20230120
20230120,IH2301,,,2828.6000,2815.0000,2818.4000,17718,2821.4000,2831.2000,2821.4000,800,678714600.0000,17014,0.0000,0.0000,3378.0000,2252.0000,0,0,09:30:58,700,2828.4000,1,2828.6000,8,0.0000,0,0.0000,0,0.0000,0,0.0000,0,0.0000,0,0.0000,0,0.0000,0,0.0000,0,848393.2500,20230120
20230120,IH2301,,,2829.2000,2815.0000,2818.4000,17718,2821.4000,2831.2000,2821.4000,810,687200520.0000,17005,0.0000,0.0000,3378.0000,2252.0000,0,0,09:30:59,200,2828.8000,2,2829.2000,10,0.0000,0,0.0000,0,0.0000,0,0.0000,0,0.0000,0,0.0000,0,0.0000,0,0.0000,0,848395.7037,20230120
20230120,IH2301,,,2828.8000,2815.0000,2818.4000,17718,2821.4000,2831.2000,2821.4000,826,700780620.0000,16989,0.0000,0.0000,3378.0000,2252.0000,0,0,09:30:59,700,2828.8000,4,2830.0000,1,0.0000,0,0.0000,0,0.0000,0,0.0000,0,0.0000,0,0.0000,0,0.0000,0,0.0000,0,848402.6877,20230120
20230120,IH2301,,,2828.8000,2815.0000,2818.4000,17718,2821.4000,2831.2000,2821.4000,826,700780620.0000,16989,0.0000,0.0000,3378.0000,2252.0000,0,0,09:31:00,200,2829.4000,1,2830.0000,1,0.0000,0,0.0000,0,0.0000,0,0.0000,0,0.0000,0,0.0000,0,0.0000,0,0.0000,0,848402.6877,20230120
20230120,IH2301,,,2828.8000,2815.0000,2818.4000,17718,2821.4000,2831.2000,2821.4000,839,711814800.0000,16976,0.0000,0.0000,3378.0000,2252.0000,0,0,09:31:00,700,2828.8000,5,2830.2000,2,0.0000,0,0.0000,0,0.0000,0,0.0000,0,0.0000,0,0.0000,0,0.0000,0,0.0000,0,848408.5816,20230120
20230120,IH2301,,,2830.2000,2815.0000,2818.4000,17718,2821.4000,2831.2000,2821.4000,844,716059980.0000,16972,0.0000,0.0000,3378.0000,2252.0000,0,0,09:31:01,200,2829.0000,1,2830.4000,3,0.0000,0,0.0000,0,0.0000,0,0.0000,0,0.0000,0,0.0000,0,0.0000,0,0.0000,0,848412.2986,20230120
20230120,IH2301,,,2830.2000,2815.0000,2818.4000,17718,2821.4000,2831.2000,2821.4000,844,716059980.0000,16972,0.0000,0.0000,3378.0000,2252.0000,0,0,09:31:01,700,2829.4000,1,2830.4000,3,0.0000,0,0.0000,0,0.0000,0,0.0000,0,0.0000,0,0.0000,0,0.0000,0,0.0000,0,848412.2986,20230120
20230120,IH2301,,,2830.2000,2815.0000,2818.4000,17718,2821.4000,2831.2000,2821.4000,848,719456400.0000,16968,0.0000,0.0000,3378.0000,2252.0000,0,0,09:31:02,200,2829.6000,5,2831.0000,1,0.0000,0,0.0000,0,0.0000,0,0.0000,0,0.0000,0,0.0000,0,0.0000,0,0.0000,0,848415.5660,20230120
20230120,IH2301,,,2831.0000,2815.0000,2818.4000,17718,2821.4000,2831.2000,2821.4000,849,720305700.0000,16967,0.0000,0.0000,3378.0000,2252.0000,0,0,09:31:02,700,2830.0000,1,2831.8000,2,0.0000,0,0.0000,0,0.0000,0,0.0000,0,0.0000,0,0.0000,0,0.0000,0,0.0000,0,848416.6078,20230120
20230120,IH2301,,,2831.0000,2815.0000,2818.4000,17718,2821.4000,2831.2000,2821.4000,849,720305700.0000,16967,0.0000,0.0000,3378.0000,2252.0000,0,0,09:31:03,200,2830.2000,2,2831.4000,1,0.0000,0,0.0000,0,0.0000,0,0.0000,0,0.0000,0,0.0000,0,0.0000,0,0.0000,0,848416.6078,20230120
20230120,IH2301,,,2831.6000,2815.0000,2818.4000,17718,2821.4000,2831.6000,2821.4000,850,721155180.0000,16966,0.0000,0.0000,3378.0000,2252.0000,0,0,09:31:03,700,2830.4000,3,2831.6000,2,0.0000,0,0.0000,0,0.0000,0,0.0000,0,0.0000,0,0.0000,0,0.0000,0,0.0000,0,848417.8588,20230120
20230120,IH2301,,,2830.6000,2815.0000,2818.4000,17718,2821.4000,2831.6000,2821.4000,852,722853540.0000,16964,0.0000,0.0000,3378.0000,2252.0000,0,0,09:31:04,200,2830.6000,2,2830.8000,2,0.0000,0,0.0000,0,0.0000,0,0.0000,0,0.0000,0,0.0000,0,0.0000,0,0.0000,0,848419.6479,20230120
20230120,IH2301,,,2831.4000,2815.0000,2818.4000,17718,2821.4000,2831.6000,2821.4000,857,727099740.0000,16959,0.0000,0.0000,3378.0000,2252.0000,0,0,09:31:04,700,2831.4000,1,2831.6000,1,0.0000,0,0.0000,0,0.0000,0,0.0000,0,0.0000,0,0.0000,0,0.0000,0,0.0000,0,848424.4341,20230120
20230120,IH2301,,,2831.4000,2815.0000,2818.4000,17718,2821.4000,2831.6000,2821.4000,863,732196260.0000,16953,0.0000,0.0000,3378.0000,2252.0000,0,0,09:31:05,200,2830.8000,3,2831.4000,9,0.0000,0,0.0000,0,0.0000,0,0.0000,0,0.0000,0,0.0000,0,0.0000,0,0.0000,0,848431.3557,20230120
20230120,IH2301,,,2831.0000,2815.0000,2818.4000,17718,2821.4000,2831.6000,2821.4000,864,733045560.0000,16952,0.0000,0.0000,3378.0000,2252.0000,0,0,09:31:05,700,2830.8000,4,2831.2000,1,0.0000,0,0.0000,0,0.0000,0,0.0000,0,0.0000,0,0.0000,0,0.0000,0,0.0000,0,848432.3611,20230120
20230120,IH2301,,,2831.2000,2815.0000,2818.4000,17718,2821.4000,2831.6000,2821.4000,867,735593520.0000,16949,0.0000,0.0000,3378.0000,2252.0000,0,0,09:31:06,200,2830.8000,3,2831.4000,5,0.0000,0,0.0000,0,0.0000,0,0.0000,0,0.0000,0,0.0000,0,0.0000,0,0.0000,0,848435.4325,20230120
20230120,IH2301,,,2830.8000,2815.0000,2818.4000,17718,2821.4000,2831.6000,2821.4000,869,737292000.0000,16947,0.0000,0.0000,3378.0000,2252.0000,0,0,09:31:06,700,2830.8000,1,2831.2000,1,0.0000,0,0.0000,0,0.0000,0,0.0000,0,0.0000,0,0.0000,0,0.0000,0,0.0000,0,848437.2842,20230120
20230120,IH2301,,,2830.8000,2815.0000,2818.4000,17718,2821.4000,2831.6000,2821.4000,874,741538800.0000,16942,0.0000,0.0000,3378.0000,2252.0000,0,0,09:31:07,200,2830.6000,1,2831.4000,2,0.0000,0,0.0000,0,0.0000,0,0.0000,0,0.0000,0,0.0000,0,0.0000,0,0.0000,0,848442.5629,20230120
20230120,IH2301,,,2831.2000,2815.0000,2818.4000,17718,2821.4000,2831.6000,2821.4000,881,747483960.0000,16935,0.0000,0.0000,3378.0000,2252.0000,0,0,09:31:07,700,2830.6000,2,2831.8000,6,0.0000,0,0.0000,0,0.0000,0,0.0000,0,0.0000,0,0.0000,0,0.0000,0,0.0000,0,848449.4438,20230120
20230120,IH2301,,,2830.8000,2815.0000,2818.4000,17718,2821.4000,2831.6000,2821.4000,884,750031680.0000,16932,0.0000,0.0000,3378.0000,2252.0000,0,0,09:31:08,200,2830.6000,2,2831.4000,1,0.0000,0,0.0000,0,0.0000,0,0.0000,0,0.0000,0,0.0000,0,0.0000,0,0.0000,0,848452.1267,20230120
20230120,IH2301,,,2831.8000,2815.0000,2818.4000,17718,2821.4000,2831.8000,2821.4000,887,752579880.0000,16929,0.0000,0.0000,3378.0000,2252.0000,0,0,09:31:08,700,2830.8000,2,2831.8000,5,0.0000,0,0.0000,0,0.0000,0,0.0000,0,0.0000,0,0.0000,0,0.0000,0,0.0000,0,848455.3326,20230120
20230120,IH2301,,,2831.2000,2815.0000,2818.4000,17718,2821.4000,2831.8000,2821.4000,891,755977140.0000,16925,0.0000,0.0000,3378.0000,2252.0000,0,0,09:31:09,200,2831.4000,1,2831.6000,1,0.0000,0,0.0000,0,0.0000,0,0.0000,0,0.0000,0,0.0000,0,0.0000,0,0.0000,0,848459.1919,20230120
20230120,IH2301,,,2830.8000,2815.0000,2818.4000,17718,2821.4000,2831.8000,2821.4000,897,761073360.0000,16919,0.0000,0.0000,3378.0000,2252.0000,0,0,09:31:09,700,2830.8000,2,2831.4000,4,0.0000,0,0.0000,0,0.0000,0,0.0000,0,0.0000,0,0.0000,0,0.0000,0,0.0000,0,848465.2843,20230120
20230120,IH2301,,,2831.0000,2815.0000,2818.4000,17718,2821.4000,2831.8000,2821.4000,901,764470380.0000,16915,0.0000,0.0000,3378.0000,2252.0000,0,0,09:31:10,200,2830.6000,2,2831.2000,3,0.0000,0,0.0000,0,0.0000,0,0.0000,0,0.0000,0,0.0000,0,0.0000,0,0.0000,0,848468.7902,20230120
20230120,IH2301,,,2831.0000,2815.0000,2818.4000,17718,2821.4000,2831.8000,2821.4000,906,768716520.0000,16911,0.0000,0.0000,3378.0000,2252.0000,0,0,09:31:10,700,2830.4000,4,2830.6000,1,0.0000,0,0.0000,0,0.0000,0,0.0000,0,0.0000,0,0.0000,0,0.0000,0,0.0000,0,848472.9801,20230120
20230120,IH2301,,,2830.4000,2815.0000,2818.4000,17718,2821.4000,2831.8000,2821.4000,911,772962180.0000,16906,0.0000,0.0000,3378.0000,2252.0000,0,0,09:31:11,200,2829.6000,1,2830.4000,1,0.0000,0,0.0000,0,0.0000,0,0.0000,0,0.0000,0,0.0000,0,0.0000,0,0.0000,0,848476.5971,20230120
20230120,IH2301,,,2830.4000,2815.0000,2818.4000,17718,2821.4000,2831.8000,2821.4000,914,775509540.0000,16903,0.0000,0.0000,3378.0000,2252.0000,0,0,09:31:11,700,2830.8000,1,2831.2000,1,0.0000,0,0.0000,0,0.0000,0,0.0000,0,0.0000,0,0.0000,0,0.0000,0,0.0000,0,848478.7090,20230120
20230120,IH2301,,,2830.6000,2815.0000,2818.4000,17718,2821.4000,2831.8000,2821.4000,915,776358720.0000,16902,0.0000,0.0000,3378.0000,2252.0000,0,0,09:31:12,200,2829.6000,1,2830.8000,3,0.0000,0,0.0000,0,0.0000,0,0.0000,0,0.0000,0,0.0000,0,0.0000,0,0.0000,0,848479.4754,20230120
20230120,IH2301,,,2830.8000,2815.0000,2818.4000,17718,2821.4000,2831.8000,2821.4000,918,778906200.0000,16899,0.0000,0.0000,3378.0000,2252.0000,0,0,09:31:12,700,2830.6000,1,2831.0000,1,0.0000,0,0.0000,0,0.0000,0,0.0000,0,0.0000,0,0.0000,0,0.0000,0,0.0000,0,848481.6993,20230120
20230120,IH2301,,,2830.6000,2815.0000,2818.4000,17718,2821.4000,2831.8000,2821.4000,920,780604560.0000,16897,0.0000,0.0000,3378.0000,2252.0000,0,0,09:31:13,200,2830.0000,1,2830.6000,1,0.0000,0,0.0000,0,0.0000,0,0.0000,0,0.0000,0,0.0000,0,0.0000,0,0.0000,0,848483.2174,20230120
20230120,IH2301,,,2830.6000,2815.0000,2818.4000,17718,2821.4000,2831.8000,2821.4000,921,781453740.0000,16896,0.0000,0.0000,3378.0000,2252.0000,0,0,09:31:13,700,2830.2000,4,2830.4000,3,0.0000,0,0.0000,0,0.0000,0,0.0000,0,0.0000,0,0.0000,0,0.0000,0,0.0000,0,848483.9739,20230120
20230120,IH2301,,,2831.2000,2815.0000,2818.4000,17718,2821.4000,2831.8000,2821.4000,924,784001340.0000,16893,0.0000,0.0000,3378.0000,2252.0000,0,0,09:31:14,200,2831.0000,2,2831.4000,3,0.0000,0,0.0000,0,0.0000,0,0.0000,0,0.0000,0,0.0000,0,0.0000,0,0.0000,0,848486.2987,20230120
20230120,IH2301,,,2831.0000,2815.0000,2818.4000,17718,2821.4000,2831.8000,2821.4000,926,785699940.0000,16891,0.0000,0.0000,3378.0000,2252.0000,0,0,09:31:14,700,2830.6000,1,2831.0000,1,0.0000,0,0.0000,0,0.0000,0,0.0000,0,0.0000,0,0.0000,0,0.0000,0,0.0000,0,848488.0562,20230120
20230120,IH2301,,,2830.6000,2815.0000,2818.4000,17718,2821.4000,2831.8000,2821.4000,927,786549120.0000,16890,0.0000,0.0000,3378.0000,2252.0000,0,0,09:31:15,200,2830.4000,1,2831.0000,2,0.0000,0,0.0000,0,0.0000,0,0.0000,0,0.0000,0,0.0000,0,0.0000,0,0.0000,0,848488.8026,20230120
20230120,IH2301,,,2830.6000,2815.0000,2818.4000,17718,2821.4000,2831.8000,2821.4000,927,786549120.0000,16890,0.0000,0.0000,3378.0000,2252.0000,0,0,09:31:15,700,2830.4000,1,2830.6000,1,0.0000,0,0.0000,0,0.0000,0,0.0000,0,0.0000,0,0.0000,0,0.0000,0,0.0000,0,848488.8026,20230120
20230120,IH2301,,,2830.6000,2815.0000,2818.4000,17718,2821.4000,2831.8000,2821.4000,928,787398300.0000,16889,0.0000,0.0000,3378.0000,2252.0000,0,0,09:31:16,200,2830.4000,1,2831.0000,3,0.0000,0,0.0000,0,0.0000,0,0.0000,0,0.0000,0,0.0000,0,0.0000,0,0.0000,0,848489.5474,20230120
20230120,IH2301,,,2830.4000,2815.0000,2818.4000,17718,2821.4000,2831.8000,2821.4000,929,788247420.0000,16888,0.0000,0.0000,3378.0000,2252.0000,0,0,09:31:16,700,2829.6000,1,2830.8000,1,0.0000,0,0.0000,0,0.0000,0,0.0000,0,0.0000,0,0.0000,0,0.0000,0,0.0000,0,848490.2261,20230120
20230120,IH2301,,,2830.8000,2815.0000,2818.4000,17718,2821.4000,2831.8000,2821.4000,930,789096660.0000,16887,0.0000,0.0000,3378.0000,2252.0000,0,0,09:31:17,200,2830.0000,5,2830.8000,1,0.0000,0,0.0000,0,0.0000,0,0.0000,0,0.0000,0,0.0000,0,0.0000,0,0.0000,0,848491.0323,20230120
20230120,IH2301,,,2830.0000,2815.0000,2818.4000,17718,2821.4000,2831.8000,2821.4000,933,791644140.0000,16884,0.0000,0.0000,3378.0000,2252.0000,0,0,09:31:17,700,2830.0000,6,2831.0000,3,0.0000,0,0.0000,0,0.0000,0,0.0000,0,0.0000,0,0.0000,0,0.0000,0,0.0000,0,848493.1833,20230120
20230120,IH2301,,,2830.0000,2815.0000,2818.4000,17718,2821.4000,2831.8000,2821.4000,933,791644140.0000,16884,0.0000,0.0000,3378.0000,2252.0000,0,0,09:31:18,200,2830.0000,6,2831.0000,3,0.0000,0,0.0000,0,0.0000,0,0.0000,0,0.0000,0,0.0000,0,0.0000,0,0.0000,0,848493.1833,20230120
20230120,IH2301,,,2831.0000,2815.0000,2818.4000,17718,2821.4000,2831.8000,2821.4000,936,794192040.0000,16881,0.0000,0.0000,3378.0000,2252.0000,0,0,09:31:18,700,2831.0000,1,2831.4000,1,0.0000,0,0.0000,0,0.0000,0,0.0000,0,0.0000,0,0.0000,0,0.0000,0,0.0000,0,848495.7692,20230120
20230120,IH2301,,,2831.6000,2815.0000,2818.4000,17718,2821.4000,2831.8000,2821.4000,938,795890940.0000,16879,0.0000,0.0000,3378.0000,2252.0000,0,0,09:31:19,200,2831.0000,4,2831.8000,6,0.0000,0,0.0000,0,0.0000,0,0.0000,0,0.0000,0,0.0000,0,0.0000,0,0.0000,0,848497.8038,20230120
20230120,IH2301,,,2831.6000,2815.0000,2818.4000,17718,2821.4000,2831.8000,2821.4000,938,795890940.0000,16879,0.0000,0.0000,3378.0000,2252.0000,0,0,09:31:19,700,2831.2000,2,2831.6000,4,0.0000,0,0.0000,0,0.0000,0,0.0000,0,0.0000,0,0.0000,0,0.0000,0,0.0000,0,848497.8038,20230120
20230120,IH2301,,,2831.6000,2815.0000,2818.4000,17718,2821.4000,2831.8000,2821.4000,940,797589780.0000,16877,0.0000,0.0000,3378.0000,2252.0000,0,0,09:31:20,200,2831.2000,1,2831.4000,1,0.0000,0,0.0000,0,0.0000,0,0.0000,0,0.0000,0,0.0000,0,0.0000,0,0.0000,0,848499.7660,20230120
20230120,IH2301,,,2831.6000,2815.0000,2818.4000,17718,2821.4000,2831.8000,2821.4000,940,797589780.0000,16877,0.0000,0.0000,3378.0000,2252.0000,0,0,09:31:20,700,2831.6000,2,2831.8000,6,0.0000,0,0.0000,0,0.0000,0,0.0000,0,0.0000,0,0.0000,0,0.0000,0,0.0000,0,848499.7660,20230120
20230120,IH2301,,,2831.6000,2815.0000,2818.4000,17718,2821.4000,2831.8000,2821.4000,944,800987700.0000,16873,0.0000,0.0000,3378.0000,2252.0000,0,0,09:31:21,200,2831.2000,2,2831.8000,6,0.0000,0,0.0000,0,0.0000,0,0.0000,0,0.0000,0,0.0000,0,0.0000,0,0.0000,0,848503.9195,20230120
20230120,IH2301,,,2831.6000,2815.0000,2818.4000,17718,2821.4000,2831.8000,2821.4000,944,800987700.0000,16873,0.0000,0.0000,3378.0000,2252.0000,0,0,09:31:21,700,2831.2000,2,2831.6000,10,0.0000,0,0.0000,0,0.0000,0,0.0000,0,0.0000,0,0.0000,0,0.0000,0,0.0000,0,848503.9195,20230120
20230120,IH2301,,,2831.6000,2815.0000,2818.4000,17718,2821.4000,2831.8000,2821.4000,948,804385620.0000,16869,0.0000,0.0000,3378.0000,2252.0000,0,0,09:31:22,200,2831.2000,2,2831.6000,3,0.0000,0,0.0000,0,0.0000,0,0.0000,0,0.0000,0,0.0000,0,0.0000,0,0.0000,0,848508.0380,20230120
20230120,IH2301,,,2831.0000,2815.0000,2818.4000,17718,2821.4000,2831.8000,2821.4000,955,810331620.0000,16862,0.0000,0.0000,3378.0000,2252.0000,0,0,09:31:22,700,2831.0000,4,2831.8000,5,0.0000,0,0.0000,0,0.0000,0,0.0000,0,0.0000,0,0.0000,0,0.0000,0,0.0000,0,848514.7853,20230120
20230120,IH2301,,,2831.4000,2815.0000,2818.4000,17718,2821.4000,2831.8000,2821.4000,956,811181040.0000,16861,0.0000,0.0000,3378.0000,2252.0000,0,0,09:31:23,200,2831.0000,5,2831.4000,1,0.0000,0,0.0000,0,0.0000,0,0.0000,0,0.0000,0,0.0000,0,0.0000,0,0.0000,0,848515.7322,20230120
20230120,IH2301,,,2831.6000,2815.0000,2818.4000,17718,2821.4000,2831.8000,2821.4000,959,813729420.0000,16858,0.0000,0.0000,3378.0000,2252.0000,0,0,09:31:23,700,2831.0000,5,2831.2000,1,0.0000,0,0.0000,0,0.0000,0,0.0000,0,0.0000,0,0.0000,0,0.0000,0,0.0000,0,848518.6861,20230120
20230120,IH2301,,,2831.2000,2815.0000,2818.4000,17718,2821.4000,2831.8000,2821.4000,965,818825280.0000,16852,0.0000,0.0000,3378.0000,2252.0000,0,0,09:31:24,200,2830.8000,3,2831.6000,2,0.0000,0,0.0000,0,0.0000,0,0.0000,0,0.0000,0,0.0000,0,0.0000,0,0.0000,0,848523.6062,20230120
20230120,IH2301,,,2829.6000,2815.0000,2818.4000,17718,2821.4000,2831.8000,2821.4000,976,828164580.0000,16841,0.0000,0.0000,3378.0000,2252.0000,0,0,09:31:24,700,2828.2000,1,2829.6000,91,0.0000,0,0.0000,0,0.0000,0,0.0000,0,0.0000,0,0.0000,0,0.0000,0,0.0000,0,848529.2828,20230120
20230120,IH2301,,,2829.6000,2815.0000,2818.4000,17718,2821.4000,2831.8000,2821.4000,1000,848537520.0000,16817,0.0000,0.0000,3378.0000,2252.0000,0,0,09:31:25,200,2829.0000,3,2829.6000,74,0.0000,0,0.0000,0,0.0000,0,0.0000,0,0.0000,0,0.0000,0,0.0000,0,0.0000,0,848537.5200,20230120
20230120,IH2301,,,2829.6000,2815.0000,2818.4000,17718,2821.4000,2831.8000,2821.4000,1003,851084160.0000,16814,0.0000,0.0000,3378.0000,2252.0000,0,0,09:31:25,700,2829.2000,4,2829.4000,3,0.0000,0,0.0000,0,0.0000,0,0.0000,0,0.0000,0,0.0000,0,0.0000,0,0.0000,0,848538.5444,20230120
20230120,IH2301,,,2829.6000,2815.0000,2818.4000,17718,2821.4000,2831.8000,2821.4000,1011,857874720.0000,16807,0.0000,0.0000,3378.0000,2252.0000,0,0,09:31:26,200,2829.4000,1,2829.6000,69,0.0000,0,0.0000,0,0.0000,0,0.0000,0,0.0000,0,0.0000,0,0.0000,0,0.0000,0,848540.7715,20230120
20230120,IH2301,,,2829.6000,2815.0000,2818.4000,17718,2821.4000,2831.8000,2821.4000,1013,859572420.0000,16805,0.0000,0.0000,3378.0000,2252.0000,0,0,09:31:26,700,2829.2000,2,2829.6000,68,0.0000,0,0.0000,0,0.0000,0,0.0000,0,0.0000,0,0.0000,0,0.0000,0,0.0000,0,848541.3820,20230120
20230120,IH2301,,,2829.6000,2815.0000,2818.4000,17718,2821.4000,2831.8000,2821.4000,1016,862119060.0000,16802,0.0000,0.0000,3378.0000,2252.0000,0,0,09:31:27,200,2829.4000,1,2829.6000,65,0.0000,0,0.0000,0,0.0000,0,0.0000,0,0.0000,0,0.0000,0,0.0000,0,0.0000,0,848542.3819,20230120
20230120,IH2301,,,2829.6000,2815.0000,2818.4000,17718,2821.4000,2831.8000,2821.4000,1030,874003380.0000,16788,0.0000,0.0000,3378.0000,2252.0000,0,0,09:31:27,700,2829.4000,1,2829.6000,51,0.0000,0,0.0000,0,0.0000,0,0.0000,0,0.0000,0,0.0000,0,0.0000,0,0.0000,0,848546.9709,20230120
20230120,IH2301,,,2829.6000,2815.0000,2818.4000,17718,2821.4000,2831.8000,2821.4000,1066,904563060.0000,16752,0.0000,0.0000,3378.0000,2252.0000,0,0,09:31:28,200,2829.4000,1,2829.6000,16,0.0000,0,0.0000,0,0.0000,0,0.0000,0,0.0000,0,0.0000,0,0.0000,0,0.0000,0,848558.2176,20230120
20230120,IH2301,,,2829.4000,2815.0000,2818.4000,17718,2821.4000,2831.8000,2821.4000,1075,912202920.0000,16743,0.0000,0.0000,3378.0000,2252.0000,0,0,09:31:28,700,2829.2000,1,2829.4000,1,0.0000,0,0.0000,0,0.0000,0,0.0000,0,0.0000,0,0.0000,0,0.0000,0,0.0000,0,848560.8558,20230120
20230120,IH2301,,,2829.6000,2815.0000,2818.4000,17718,2821.4000,2831.8000,2821.4000,1082,918144840.0000,16736,0.0000,0.0000,3378.0000,2252.0000,0,0,09:31:29,200,2829.2000,1,2829.6000,5,0.0000,0,0.0000,0,0.0000,0,0.0000,0,0.0000,0,0.0000,0,0.0000,0,0.0000,0,848562.6987,20230120
20230120,IH2301,,,2829.6000,2815.0000,2818.4000,17718,2821.4000,2831.8000,2821.4000,1086,921540360.0000,16732,0.0000,0.0000,3378.0000,2252.0000,0,0,09:31:29,700,2829.4000,3,2829.6000,1,0.0000,0,0.0000,0,0.0000,0,0.0000,0,0.0000,0,0.0000,0,0.0000,0,0.0000,0,848563.8674,20230120
20230120,IH2301,,,2829.6000,2815.0000,2818.4000,17718,2821.4000,2831.8000,2821.4000,1089,924087000.0000,16729,0.0000,0.0000,3378.0000,2252.0000,0,0,09:31:30,200,2829.6000,1,2831.2000,2,0.0000,0,0.0000,0,0.0000,0,0.0000,0,0.0000,0,0.0000,0,0.0000,0,0.0000,0,848564.7383,20230120
20230120,IH2301,,,2830.8000,2815.0000,2818.4000,17718,2821.4000,2831.8000,2821.4000,1090,924936240.0000,16728,0.0000,0.0000,3378.0000,2252.0000,0,0,09:31:30,700,2829.8000,3,2831.0000,6,0.0000,0,0.0000,0,0.0000,0,0.0000,0,0.0000,0,0.0000,0,0.0000,0,0.0000,0,848565.3578,20230120
20230120,IH2301,,,2830.8000,2815.0000,2818.4000,17718,2821.4000,2831.8000,2821.4000,1090,924936240.0000,16728,0.0000,0.0000,3378.0000,2252.0000,0,0,09:31:31,200,2830.2000,1,2831.0000,6,0.0000,0,0.0000,0,0.0000,0,0.0000,0,0.0000,0,0.0000,0,0.0000,0,0.0000,0,848565.3578,20230120
20230120,IH2301,,,2831.0000,2815.0000,2818.4000,17718,2821.4000,2831.8000,2821.4000,1092,926634420.0000,16726,0.0000,0.0000,3378.0000,2252.0000,0,0,09:31:31,700,2829.4000,3,2831.0000,4,0.0000,0,0.0000,0,0.0000,0,0.0000,0,0.0000,0,0.0000,0,0.0000,0,0.0000,0,848566.3187,20230120
20230120,IH2301,,,2831.0000,2815.0000,2818.4000,17718,2821.4000,2831.8000,2821.4000,1093,927483720.0000,16726,0.0000,0.0000,3378.0000,2252.0000,0,0,09:31:32,200,2829.8000,1,2831.0000,4,0.0000,0,0.0000,0,0.0000,0,0.0000,0,0.0000,0,0.0000,0,0.0000,0,0.0000,0,848566.9899,20230120
20230120,IH2301,,,2830.2000,2815.0000,2818.4000,17718,2821.4000,2831.8000,2821.4000,1094,928332780.0000,16725,0.0000,0.0000,3378.0000,2252.0000,0,0,09:31:32,700,2830.0000,4,2831.0000,2,0.0000,0,0.0000,0,0.0000,0,0.0000,0,0.0000,0,0.0000,0,0.0000,0,0.0000,0,848567.4406,20230120
20230120,IH2301,,,2831.0000,2815.0000,2818.4000,17718,2821.4000,2831.8000,2821.4000,1096,930031380.0000,16723,0.0000,0.0000,3378.0000,2252.0000,0,0,09:31:33,200,2831.0000,2,2831.4000,4,0.0000,0,0.0000,0,0.0000,0,0.0000,0,0.0000,0,0.0000,0,0.0000,0,0.0000,0,848568.7774,20230120
20230120,IH2301,,,2831.0000,2815.0000,2818.4000,17718,2821.4000,2831.8000,2821.4000,1099,932579280.0000,16720,0.0000,0.0000,3378.0000,2252.0000,0,0,09:31:33,700,2830.2000,2,2831.0000,4,0.0000,0,0.0000,0,0.0000,0,0.0000,0,0.0000,0,0.0000,0,0.0000,0,0.0000,0,848570.7734,20230120
20230120,IH2301,,,2830.4000,2815.0000,2818.4000,17718,2821.4000,2831.8000,2821.4000,1102,935126820.0000,16717,0.0000,0.0000,3378.0000,2252.0000,0,0,09:31:34,200,2830.2000,2,2831.0000,1,0.0000,0,0.0000,0,0.0000,0,0.0000,0,0.0000,0,0.0000,0,0.0000,0,0.0000,0,848572.4319,20230120
20230120,IH2301,,,2831.0000,2815.0000,2818.4000,17718,2821.4000,2831.8000,2821.4000,1103,935976120.0000,16716,0.0000,0.0000,3378.0000,2252.0000,0,0,09:31:34,700,2830.4000,4,2831.4000,5,0.0000,0,0.0000,0,0.0000,0,0.0000,0,0.0000,0,0.0000,0,0.0000,0,0.0000,0,848573.0916,20230120
20230120,IH2301,,,2831.2000,2815.0000,2818.4000,17718,2821.4000,2831.8000,2821.4000,1105,937674660.0000,16714,0.0000,0.0000,3378.0000,2252.0000,0,0,09:31:35,200,2830.6000,5,2831.2000,1,0.0000,0,0.0000,0,0.0000,0,0.0000,0,0.0000,0,0.0000,0,0.0000,0,0.0000,0,848574.3529,20230120
20230120,IH2301,,,2831.2000,2815.0000,2818.4000,17718,2821.4000,2831.8000,2821.4000,1105,937674660.0000,16714,0.0000,0.0000,3378.0000,2252.0000,0,0,09:31:35,700,2830.8000,1,2831.2000,1,0.0000,0,0.0000,0,0.0000,0,0.0000,0,0.0000,0,0.0000,0,0.0000,0,0.0000,0,848574.3529,20230120
20230120,IH2301,,,2831.2000,2815.0000,2818.4000,17718,2821.4000,2831.8000,2821.4000,1109,941071680.0000,16710,0.0000,0.0000,3378.0000,2252.0000,0,0,09:31:36,200,2830.6000,3,2831.4000,5,0.0000,0,0.0000,0,0.0000,0,0.0000,0,0.0000,0,0.0000,0,0.0000,0,0.0000,0,848576.8079,20230120
20230120,IH2301,,,2830.8000,2815.0000,2818.4000,17718,2821.4000,2831.8000,2821.4000,1111,942770340.0000,16708,0.0000,0.0000,3378.0000,2252.0000,0,0,09:31:36,700,2830.8000,2,2831.4000,1,0.0000,0,0.0000,0,0.0000,0,0.0000,0,0.0000,0,0.0000,0,0.0000,0,0.0000,0,848578.1638,20230120
20230120,IH2301,,,2831.0000,2815.0000,2818.4000,17718,2821.4000,2831.8000,2821.4000,1112,943619640.0000,16707,0.0000,0.0000,3378.0000,2252.0000,0,0,09:31:37,200,2831.0000,2,2831.4000,2,0.0000,0,0.0000,0,0.0000,0,0.0000,0,0.0000,0,0.0000,0,0.0000,0,0.0000,0,848578.8130,20230120
20230120,IH2301,,,2831.4000,2815.0000,2818.4000,17718,2821.4000,2831.8000,2821.4000,1115,946167840.0000,16704,0.0000,0.0000,3378.0000,2252.0000,0,0,09:31:37,700,2831.0000,1,2831.6000,2,0.0000,0,0.0000,0,0.0000,0,0.0000,0,0.0000,0,0.0000,0,0.0000,0,0.0000,0,848581.0224,20230120
20230120,IH2301,,,2831.0000,2815.0000,2818.4000,17718,2821.4000,2831.8000,2821.4000,1116,947017140.0000,16703,0.0000,0.0000,3378.0000,2252.0000,0,0,09:31:38,200,2830.8000,1,2831.4000,7,0.0000,0,0.0000,0,0.0000,0,0.0000,0,0.0000,0,0.0000,0,0.0000,0,0.0000,0,848581.6667,20230120
20230120,IH2301,,,2831.2000,2815.0000,2818.4000,17718,2821.4000,2831.8000,2821.4000,1123,952962000.0000,16696,0.0000,0.0000,3378.0000,2252.0000,0,0,09:31:38,700,2830.6000,2,2831.4000,7,0.0000,0,0.0000,0,0.0000,0,0.0000,0,0.0000,0,0.0000,0,0.0000,0,0.0000,0,848585.9305,20230120
20230120,IH2301,,,2831.2000,2815.0000,2818.4000,17718,2821.4000,2831.8000,2821.4000,1123,952962000.0000,16696,0.0000,0.0000,3378.0000,2252.0000,0,0,09:31:39,200,2830.4000,1,2831.2000,5,0.0000,0,0.0000,0,0.0000,0,0.0000,0,0.0000,0,0.0000,0,0.0000,0,0.0000,0,848585.9305,20230120
20230120,IH2301,,,2831.0000,2815.0000,2818.4000,17718,2821.4000,2831.8000,2821.4000,1125,954660480.0000,16694,0.0000,0.0000,3378.0000,2252.0000,0,0,09:31:39,700,2830.4000,4,2831.0000,2,0.0000,0,0.0000,0,0.0000,0,0.0000,0,0.0000,0,0.0000,0,0.0000,0,0.0000,0,848587.0933,20230120
20230120,IH2301,,,2831.0000,2815.0000,2818.4000,17718,2821.4000,2831.8000,2821.4000,1125,954660480.0000,16694,0.0000,0.0000,3378.0000,2252.0000,0,0,09:31:40,200,2830.4000,4,2831.0000,2,0.0000,0,0.0000,0,0.0000,0,0.0000,0,0.0000,0,0.0000,0,0.0000,0,0.0000,0,848587.0933,20230120
20230120,IH2301,,,2831.0000,2815.0000,2818.4000,17718,2821.4000,2831.8000,2821.4000,1126,955509780.0000,16694,0.0000,0.0000,3378.0000,2252.0000,0,0,09:31:40,700,2830.6000,1,2831.2000,3,0.0000,0,0.0000,0,0.0000,0,0.0000,0,0.0000,0,0.0000,0,0.0000,0,0.0000,0,848587.7265,20230120
20230120,IH2301,,,2831.2000,2815.0000,2818.4000,17718,2821.4000,2831.8000,2821.4000,1127,956359140.0000,16693,0.0000,0.0000,3378.0000,2252.0000,0,0,09:31:41,200,2830.6000,2,2831.2000,2,0.0000,0,0.0000,0,0.0000,0,0.0000,0,0.0000,0,0.0000,0,0.0000,0,0.0000,0,848588.4117,20230120
20230120,IH2301,,,2831.2000,2815.0000,2818.4000,17718,2821.4000,2831.8000,2821.4000,1127,956359140.0000,16693,0.0000,0.0000,3378.0000,2252.0000,0,0,09:31:41,700,2830.8000,1,2831.0000,1,0.0000,0,0.0000,0,0.0000,0,0.0000,0,0.0000,0,0.0000,0,0.0000,0,0.0000,0,848588.4117,20230120
20230120,IH2301,,,2831.4000,2815.0000,2818.4000,17718,2821.4000,2831.8000,2821.4000,1130,958907220.0000,16690,0.0000,0.0000,3378.0000,2252.0000,0,0,09:31:42,200,2830.6000,1,2831.6000,2,0.0000,0,0.0000,0,0.0000,0,0.0000,0,0.0000,0,0.0000,0,0.0000,0,0.0000,0,848590.4602,20230120
20230120,IH2301,,,2830.6000,2815.0000,2818.4000,17718,2821.4000,2831.8000,2821.4000,1132,960605640.0000,16688,0.0000,0.0000,3378.0000,2252.0000,0,0,09:31:42,700,2830.4000,4,2831.2000,3,0.0000,0,0.0000,0,0.0000,0,0.0000,0,0.0000,0,0.0000,0,0.0000,0,0.0000,0,848591.5548,20230120
20230120,IH2301,,,2831.0000,2815.0000,2818.4000,17718,2821.4000,2831.8000,2821.4000,1137,964851420.0000,16683,0.0000,0.0000,3378.0000,2252.0000,0,0,09:31:43,200,2830.2000,20,2831.0000,2,0.0000,0,0.0000,0,0.0000,0,0.0000,0,0.0000,0,0.0000,0,0.0000,0,0.0000,0,848594.0369,20230120
20230120,IH2301,,,2831.0000,2815.0000,2818.4000,17718,2821.4000,2831.8000,2821.4000,1138,965700720.0000,16682,0.0000,0.0000,3378.0000,2252.0000,0,0,09:31:43,700,2830.2000,19,2831.0000,2,0.0000,0,0.0000,0,0.0000,0,0.0000,0,0.0000,0,0.0000,0,0.0000,0,0.0000,0,848594.6573,20230120
20230120,IH2301,,,2831.0000,2815.0000,2818.4000,17718,2821.4000,2831.8000,2821.4000,1140,967399320.0000,16680,0.0000,0.0000,3378.0000,2252.0000,0,0,09:31:44,200,2830.4000,2,2831.0000,1,0.0000,0,0.0000,0,0.0000,0,0.0000,0,0.0000,0,0.0000,0,0.0000,0,0.0000,0,848595.8947,20230120
20230120,IH2301,,,2831.0000,2815.0000,2818.4000,17718,2821.4000,2831.8000,2821.4000,1140,967399320.0000,16680,0.0000,0.0000,3378.0000,2252.0000,0,0,09:31:44,700,2830.4000,2,2831.2000,4,0.0000,0,0.0000,0,0.0000,0,0.0000,0,0.0000,0,0.0000,0,0.0000,0,0.0000,0,848595.8947,20230120
20230120,IH2301,,,2831.0000,2815.0000,2818.4000,17718,2821.4000,2831.8000,2821.4000,1140,967399320.0000,16680,0.0000,0.0000,3378.0000,2252.0000,0,0,09:31:45,200,2830.4000,1,2831.2000,4,0.0000,0,0.0000,0,0.0000,0,0.0000,0,0.0000,0,0.0000,0,0.0000,0,0.0000,0,848595.8947,20230120
20230120,IH2301,,,2831.2000,2815.0000,2818.4000,17718,2821.4000,2831.8000,2821.4000,1143,969947400.0000,16677,0.0000,0.0000,3378.0000,2252.0000,0,0,09:31:45,700,2830.4000,1,2831.0000,2,0.0000,0,0.0000,0,0.0000,0,0.0000,0,0.0000,0,0.0000,0,0.0000,0,0.0000,0,848597.9003,20230120
20230120,IH2301,,,2830.4000,2815.0000,2818.4000,17718,2821.4000,2831.8000,2821.4000,1144,970796520.0000,16677,0.0000,0.0000,3378.0000,2252.0000,0,0,09:31:46,200,2830.2000,19,2831.0000,2,0.0000,0,0.0000,0,0.0000,0,0.0000,0,0.0000,0,0.0000,0,0.0000,0,0.0000,0,848598.3566,20230120
20230120,IH2301,,,2830.4000,2815.0000,2818.4000,17718,2821.4000,2831.8000,2821.4000,1144,970796520.0000,16677,0.0000,0.0000,3378.0000,2252.0000,0,0,09:31:46,700,2830.2000,19,2830.8000,1,0.0000,0,0.0000,0,0.0000,0,0.0000,0,0.0000,0,0.0000,0,0.0000,0,0.0000,0,848598.3566,20230120
20230120,IH2301,,,2830.8000,2815.0000,2818.4000,17718,2821.4000,2831.8000,2821.4000,1145,971645760.0000,16676,0.0000,0.0000,3378.0000,2252.0000,0,0,09:31:47,200,2830.2000,19,2830.4000,1,0.0000,0,0.0000,0,0.0000,0,0.0000,0,0.0000,0,0.0000,0,0.0000,0,0.0000,0,848598.9170,20230120
20230120,IH2301,,,2830.2000,2815.0000,2818.4000,17718,2821.4000,2831.8000,2821.4000,1148,974193000.0000,16675,0.0000,0.0000,3378.0000,2252.0000,0,0,09:31:47,700,2830.2000,17,2830.4000,1,0.0000,0,0.0000,0,0.0000,0,0.0000,0,0.0000,0,0.0000,0,0.0000,0,0.0000,0,848600.1742,20230120
20230120,IH2301,,,2830.2000,2815.0000,2818.4000,17718,2821.4000,2831.8000,2821.4000,1165,988627020.0000,16675,0.0000,0.0000,3378.0000,2252.0000,0,0,09:31:48,200,2829.8000,1,2830.2000,1,0.0000,0,0.0000,0,0.0000,0,0.0000,0,0.0000,0,0.0000,0,0.0000,0,0.0000,0,848606.8841,20230120
20230120,IH2301,,,2830.2000,2815.0000,2818.4000,17718,2821.4000,2831.8000,2821.4000,1166,989476080.0000,16674,0.0000,0.0000,3378.0000,2252.0000,0,0,09:31:48,700,2830.4000,2,2830.8000,1,0.0000,0,0.0000,0,0.0000,0,0.0000,0,0.0000,0,0.0000,0,0.0000,0,0.0000,0,848607.2727,20230120
20230120,IH2301,,,2830.4000,2815.0000,2818.4000,17718,2821.4000,2831.8000,2821.4000,1168,991174320.0000,16672,0.0000,0.0000,3378.0000,2252.0000,0,0,09:31:49,200,2829.8000,1,2830.2000,1,0.0000,0,0.0000,0,0.0000,0,0.0000,0,0.0000,0,0.0000,0,0.0000,0,0.0000,0,848608.1507,20230120
20230120,IH2301,,,2830.4000,2815.0000,2818.4000,17718,2821.4000,2831.8000,2821.4000,1170,992872560.0000,16670,0.0000,0.0000,3378.0000,2252.0000,0,0,09:31:49,700,2829.8000,1,2830.2000,2,0.0000,0,0.0000,0,0.0000,0,0.0000,0,0.0000,0,0.0000,0,0.0000,0,0.0000,0,848609.0256,20230120
20230120,IH2301,,,2830.2000,2815.0000,2818.4000,17718,2821.4000,2831.8000,2821.4000,1172,994570680.0000,16669,0.0000,0.0000,3378.0000,2252.0000,0,0,09:31:50,200,2829.8000,1,2830.8000,1,0.0000,0,0.0000,0,0.0000,0,0.0000,0,0.0000,0,0.0000,0,0.0000,0,0.0000,0,848609.7952,20230120
20230120,IH2301,,,2830.8000,2815.0000,2818.4000,17718,2821.4000,2831.8000,2821.4000,1173,995419920.0000,16668,0.0000,0.0000,3378.0000,2252.0000,0,0,09:31:50,700,2830.0000,1,2831.0000,3,0.0000,0,0.0000,0,0.0000,0,0.0000,0,0.0000,0,0.0000,0,0.0000,0,0.0000,0,848610.3325,20230120
20230120,IH2301,,,2830.0000,2815.0000,2818.4000,17718,2821.4000,2831.8000,2821.4000,1174,996268920.0000,16667,0.0000,0.0000,3378.0000,2252.0000,0,0,09:31:51,200,2829.8000,3,2830.8000,1,0.0000,0,0.0000,0,0.0000,0,0.0000,0,0.0000,0,0.0000,0,0.0000,0,0.0000,0,848610.6644,20230120
20230120,IH2301,,,2830.0000,2815.0000,2818.4000,17718,2821.4000,2831.8000,2821.4000,1174,996268920.0000,16667,0.0000,0.0000,3378.0000,2252.0000,0,0,09:31:51,700,2830.0000,4,2830.8000,2,0.0000,0,0.0000,0,0.0000,0,0.0000,0,0.0000,0,0.0000,0,0.0000,0,0.0000,0,848610.6644,20230120
20230120,IH2301,,,2830.8000,2815.0000,2818.4000,17718,2821.4000,2831.8000,2821.4000,1175,997118160.0000,16666,0.0000,0.0000,3378.0000,2252.0000,0,0,09:31:52,200,2829.8000,3,2830.8000,1,0.0000,0,0.0000,0,0.0000,0,0.0000,0,0.0000,0,0.0000,0,0.0000,0,0.0000,0,848611.2000,20230120
20230120,IH2301,,,2830.8000,2815.0000,2818.4000,17718,2821.4000,2831.8000,2821.4000,1175,997118160.0000,16666,0.0000,0.0000,3378.0000,2252.0000,0,0,09:31:52,700,2830.2000,1,2830.8000,1,0.0000,0,0.0000,0,0.0000,0,0.0000,0,0.0000,0,0.0000,0,0.0000,0,0.0000,0,848611.2000,20230120
20230120,IH2301,,,2830.8000,2815.0000,2818.4000,17718,2821.4000,2831.8000,2821.4000,1176,997967400.0000,16665,0.0000,0.0000,3378.0000,2252.0000,0,0,09:31:53,200,2830.2000,1,2830.8000,1,0.0000,0,0.0000,0,0.0000,0,0.0000,0,0.0000,0,0.0000,0,0.0000,0,0.0000,0,848611.7347,20230120
20230120,IH2301,,,2830.8000,2815.0000,2818.4000,17718,2821.4000,2831.8000,2821.4000,1177,998816640.0000,16664,0.0000,0.0000,3378.0000,2252.0000,0,0,09:31:53,700,2830.4000,3,2831.0000,1,0.0000,0,0.0000,0,0.0000,0,0.0000,0,0.0000,0,0.0000,0,0.0000,0,0.0000,0,848612.2685,20230120
20230120,IH2301,,,2831.2000,2815.0000,2818.4000,17718,2821.4000,2831.8000,2821.4000,1179,1000515300.0000,16662,0.0000,0.0000,3378.0000,2252.0000,0,0,09:31:54,200,2830.6000,4,2831.2000,1,0.0000,0,0.0000,0,0.0000,0,0.0000,0,0.0000,0,0.0000,0,0.0000,0,0.0000,0,848613.4860,20230120
20230120,IH2301,,,2831.2000,2815.0000,2818.4000,17718,2821.4000,2831.8000,2821.4000,1181,1002214020.0000,16660,0.0000,0.0000,3378.0000,2252.0000,0,0,09:31:54,700,2830.8000,3,2831.4000,4,0.0000,0,0.0000,0,0.0000,0,0.0000,0,0.0000,0,0.0000,0,0.0000,0,0.0000,0,848614.7502,20230120
20230120,IH2301,,,2831.4000,2815.0000,2818.4000,17718,2821.4000,2831.8000,2821.4000,1183,1003912680.0000,16658,0.0000,0.0000,3378.0000,2252.0000,0,0,09:31:55,200,2830.8000,2,2831.6000,1,0.0000,0,0.0000,0,0.0000,0,0.0000,0,0.0000,0,0.0000,0,0.0000,0,0.0000,0,848615.9594,20230120
20230120,IH2301,,,2831.4000,2815.0000,2818.4000,17718,2821.4000,2831.8000,2821.4000,1183,1003912680.0000,16658,0.0000,0.0000,3378.0000,2252.0000,0,0,09:31:55,700,2831.0000,2,2831.6000,1,0.0000,0,0.0000,0,0.0000,0,0.0000,0,0.0000,0,0.0000,0,0.0000,0,0.0000,0,848615.9594,20230120
20230120,IH2301,,,2831.0000,2815.0000,2818.4000,17718,2821.4000,2831.8000,2821.4000,1185,1005611460.0000,16656,0.0000,0.0000,3378.0000,2252.0000,0,0,09:31:56,200,2831.0000,4,2831.4000,1,0.0000,0,0.0000,0,0.0000,0,0.0000,0,0.0000,0,0.0000,0,0.0000,0,0.0000,0,848617.2658,20230120
20230120,IH2301,,,2831.6000,2815.0000,2818.4000,17718,2821.4000,2831.8000,2821.4000,1188,1008159900.0000,16653,0.0000,0.0000,3378.0000,2252.0000,0,0,09:31:56,700,2831.0000,2,2831.6000,1,0.0000,0,0.0000,0,0.0000,0,0.0000,0,0.0000,0,0.0000,0,0.0000,0,0.0000,0,848619.4444,20230120
20230120,IH2301,,,2831.6000,2815.0000,2818.4000,17718,2821.4000,2831.8000,2821.4000,1189,1009009380.0000,16652,0.0000,0.0000,3378.0000,2252.0000,0,0,09:31:57,200,2831.0000,2,2831.8000,4,0.0000,0,0.0000,0,0.0000,0,0.0000,0,0.0000,0,0.0000,0,0.0000,0,0.0000,0,848620.1682,20230120
20230120,IH2301,,,2831.6000,2815.0000,2818.4000,17718,2821.4000,2831.8000,2821.4000,1190,1009858860.0000,16651,0.0000,0.0000,3378.0000,2252.0000,0,0,09:31:57,700,2831.2000,2,2831.6000,4,0.0000,0,0.0000,0,0.0000,0,0.0000,0,0.0000,0,0.0000,0,0.0000,0,0.0000,0,848620.8908,20230120
20230120,IH2301,,,2831.6000,2815.0000,2818.4000,17718,2821.4000,2831.8000,2821.4000,1190,1009858860.0000,16651,0.0000,0.0000,3378.0000,2252.0000,0,0,09:31:58,200,2831.4000,1,2831.8000,4,0.0000,0,0.0000,0,0.0000,0,0.0000,0,0.0000,0,0.0000,0,0.0000,0,0.0000,0,848620.8908,20230120
20230120,IH2301,,,2832.0000,2815.0000,2818.4000,17718,2821.4000,2832.0000,2821.4000,1201,1019204220.0000,16641,0.0000,0.0000,3378.0000,2252.0000,0,0,09:31:58,700,2831.8000,2,2832.4000,1,0.0000,0,0.0000,0,0.0000,0,0.0000,0,0.0000,0,0.0000,0,0.0000,0,0.0000,0,848629.6586,20230120
20230120,IH2301,,,2832.0000,2815.0000,2818.4000,17718,2821.4000,2832.4000,2821.4000,1203,1020903540.0000,16639,0.0000,0.0000,3378.0000,2252.0000,0,0,09:31:59,200,2832.0000,2,2832.8000,1,0.0000,0,0.0000,0,0.0000,0,0.0000,0,0.0000,0,0.0000,0,0.0000,0,0.0000,0,848631.3716,20230120
20230120,IH2301,,,2832.0000,2815.0000,2818.4000,17718,2821.4000,2832.4000,2821.4000,1203,1020903540.0000,16639,0.0000,0.0000,3378.0000,2252.0000,0,0,09:31:59,700,2832.2000,1,2832.6000,2,0.0000,0,0.0000,0,0.0000,0,0.0000,0,0.0000,0,0.0000,0,0.0000,0,0.0000,0,848631.3716,20230120
20230120,IH2301,,,2831.8000,2815.0000,2818.4000,17718,2821.4000,2832.4000,2821.4000,1207,1024301820.0000,16635,0.0000,0.0000,3378.0000,2252.0000,0,0,09:32:00,200,2831.4000,2,2832.2000,2,0.0000,0,0.0000,0,0.0000,0,0.0000,0,0.0000,0,0.0000,0,0.0000,0,0.0000,0,848634.4822,20230120
20230120,IH2301,,,2831.4000,2815.0000,2818.4000,17718,2821.4000,2832.6000,2821.4000,1217,1032797040.0000,16625,0.0000,0.0000,3378.0000,2252.0000,0,0,09:32:00,700,2831.0000,2,2832.4000,1,0.0000,0,0.0000,0,0.0000,0,0.0000,0,0.0000,0,0.0000,0,0.0000,0,0.0000,0,848641.7749,20230120
20230120,IH2301,,,2831.4000,2815.0000,2818.4000,17718,2821.4000,2832.6000,2821.4000,1217,1032797040.0000,16625,0.0000,0.0000,3378.0000,2252.0000,0,0,09:32:01,200,2831.2000,6,2831.8000,1,0.0000,0,0.0000,0,0.0000,0,0.0000,0,0.0000,0,0.0000,0,0.0000,0,0.0000,0,848641.7749,20230120
20230120,IH2301,,,2832.0000,2815.0000,2818.4000,17718,2821.4000,2832.6000,2821.4000,1219,1034496180.0000,16623,0.0000,0.0000,3378.0000,2252.0000,0,0,09:32:01,700,2831.4000,1,2832.2000,3,0.0000,0,0.0000,0,0.0000,0,0.0000,0,0.0000,0,0.0000,0,0.0000,0,0.0000,0,848643.2978,20230120
20230120,IH2301,,,2832.2000,2815.0000,2818.4000,17718,2821.4000,2832.6000,2821.4000,1222,1037045160.0000,16620,0.0000,0.0000,3378.0000,2252.0000,0,0,09:32:02,200,2832.2000,1,2832.8000,1,0.0000,0,0.0000,0,0.0000,0,0.0000,0,0.0000,0,0.0000,0,0.0000,0,0.0000,0,848645.7938,20230120
20230120,IH2301,,,2831.4000,2815.0000,2818.4000,17718,2821.4000,2832.6000,2821.4000,1225,1039593720.0000,16617,0.0000,0.0000,3378.0000,2252.0000,0,0,09:32:02,700,2831.2000,6,2832.8000,1,0.0000,0,0.0000,0,0.0000,0,0.0000,0,0.0000,0,0.0000,0,0.0000,0,0.0000,0,848647.9347,20230120
20230120,IH2301,,,2833.0000,2815.0000,2818.4000,17718,2821.4000,2833.0000,2821.4000,1232,1045540560.0000,16610,0.0000,0.0000,3378.0000,2252.0000,0,0,09:32:03,200,2831.4000,1,2833.0000,1,0.0000,0,0.0000,0,0.0000,0,0.0000,0,0.0000,0,0.0000,0,0.0000,0,0.0000,0,848653.0519,20230120
20230120,IH2301,,,2833.0000,2815.0000,2818.4000,17718,2821.4000,2833.0000,2821.4000,1233,1046390460.0000,16609,0.0000,0.0000,3378.0000,2252.0000,0,0,09:32:03,700,2831.8000,6,2832.2000,1,0.0000,0,0.0000,0,0.0000,0,0.0000,0,0.0000,0,0.0000,0,0.0000,0,0.0000,0,848654.0633,20230120
20230120,IH2301,,,2832.8000,2815.0000,2818.4000,17718,2821.4000,2833.0000,2821.4000,1236,1048939500.0000,16606,0.0000,0.0000,3378.0000,2252.0000,0,0,09:32:04,200,2832.4000,2,2832.8000,6,0.0000,0,0.0000,0,0.0000,0,0.0000,0,0.0000,0,0.0000,0,0.0000,0,0.0000,0,848656.5534,20230120
20230120,IH2301,,,2832.4000,2815.0000,2818.4000,17718,2821.4000,2833.0000,2821.4000,1239,1051488660.0000,16603,0.0000,0.0000,3378.0000,2252.0000,0,0,09:32:04,700,2831.8000,5,2832.4000,2,0.0000,0,0.0000,0,0.0000,0,0.0000,0,0.0000,0,0.0000,0,0.0000,0,0.0000,0,848659.1283,20230120
20230120,IH2301,,,2832.8000,2815.0000,2818.4000,17718,2821.4000,2833.0000,2821.4000,1240,1052338500.0000,16602,0.0000,0.0000,3378.0000,2252.0000,0,0,09:32:05,200,2832.0000,1,2833.0000,1,0.0000,0,0.0000,0,0.0000,0,0.0000,0,0.0000,0,0.0000,0,0.0000,0,0.0000,0,848660.0806,20230120
20230120,IH2301,,,2832.8000,2815.0000,2818.4000,17718,2821.4000,2833.0000,2821.4000,1241,1053188340.0000,16601,0.0000,0.0000,3378.0000,2252.0000,0,0,09:32:05,700,2832.2000,4,2832.8000,5,0.0000,0,0.0000,0,0.0000,0,0.0000,0,0.0000,0,0.0000,0,0.0000,0,0.0000,0,848661.0314,20230120
20230120,IH2301,,,2832.8000,2815.0000,2818.4000,17718,2821.4000,2833.0000,2821.4000,1242,1054038180.0000,16600,0.0000,0.0000,3378.0000,2252.0000,0,0,09:32:06,200,2832.2000,4,2832.4000,1,0.0000,0,0.0000,0,0.0000,0,0.0000,0,0.0000,0,0.0000,0,0.0000,0,0.0000,0,848661.9807,20230120
20230120,IH2301,,,2832.8000,2815.0000,2818.4000,17718,2821.4000,2833.0000,2821.4000,1244,1055737740.0000,16598,0.0000,0.0000,3378.0000,2252.0000,0,0,09:32:06,700,2832.8000,1,2833.0000,1,0.0000,0,0.0000,0,0.0000,0,0.0000,0,0.0000,0,0.0000,0,0.0000,0,0.0000,0,848663.7781,20230120
20230120,IH2301,,,2832.8000,2815.0000,2818.4000,17718,2821.4000,2833.0000,2821.4000,1247,1058287260.0000,16595,0.0000,0.0000,3378.0000,2252.0000,0,0,09:32:07,200,2832.4000,2,2833.0000,1,0.0000,0,0.0000,0,0.0000,0,0.0000,0,0.0000,0,0.0000,0,0.0000,0,0.0000,0,848666.6079,20230120
20230120,IH2301,,,2833.0000,2815.0000,2818.4000,17718,2821.4000,2833.0000,2821.4000,1248,1059137160.0000,16594,0.0000,0.0000,3378.0000,2252.0000,0,0,09:32:07,700,2832.4000,2,2833.2000,11,0.0000,0,0.0000,0,0.0000,0,0.0000,0,0.0000,0,0.0000,0,0.0000,0,0.0000,0,848667.5962,20230120
20230120,IH2301,,,2833.0000,2815.0000,2818.4000,17718,2821.4000,2833.0000,2821.4000,1249,1059987060.0000,16593,0.0000,0.0000,3378.0000,2252.0000,0,0,09:32:08,200,2832.2000,2,2833.0000,3,0.0000,0,0.0000,0,0.0000,0,0.0000,0,0.0000,0,0.0000,0,0.0000,0,0.0000,0,848668.5829,20230120
20230120,IH2301,,,2833.0000,2815.0000,2818.4000,17718,2821.4000,2833.0000,2821.4000,1249,1059987060.0000,16593,0.0000,0.0000,3378.0000,2252.0000,0,0,09:32:08,700,2832.0000,1,2833.0000,3,0.0000,0,0.0000,0,0.0000,0,0.0000,0,0.0000,0,0.0000,0,0.0000,0,0.0000,0,848668.5829,20230120
20230120,IH2301,,,2833.0000,2815.0000,2818.4000,17718,2821.4000,2833.0000,2821.4000,1252,1062536760.0000,16590,0.0000,0.0000,3378.0000,2252.0000,0,0,09:32:09,200,2832.2000,3,2833.0000,2,0.0000,0,0.0000,0,0.0000,0,0.0000,0,0.0000,0,0.0000,0,0.0000,0,0.0000,0,848671.5335,20230120
20230120,IH2301,,,2832.2000,2815.0000,2818.4000,17718,2821.4000,2833.0000,2821.4000,1253,1063386420.0000,16589,0.0000,0.0000,3378.0000,2252.0000,0,0,09:32:09,700,2832.0000,1,2832.8000,4,0.0000,0,0.0000,0,0.0000,0,0.0000,0,0.0000,0,0.0000,0,0.0000,0,0.0000,0,848672.3224,20230120
20230120,IH2301,,,2832.8000,2815.0000,2818.4000,17718,2821.4000,2833.0000,2821.4000,1254,1064236260.0000,16588,0.0000,0.0000,3378.0000,2252.0000,0,0,09:32:10,200,2832.8000,1,2833.0000,2,0.0000,0,0.0000,0,0.0000,0,0.0000,0,0.0000,0,0.0000,0,0.0000,0,0.0000,0,848673.2536,20230120
20230120,IH2301,,,2832.2000,2815.0000,2818.4000,17718,2821.4000,2833.0000,2821.4000,1256,1065935760.0000,16586,0.0000,0.0000,3378.0000,2252.0000,0,0,09:32:10,700,2831.8000,5,2832.4000,1,0.0000,0,0.0000,0,0.0000,0,0.0000,0,0.0000,0,0.0000,0,0.0000,0,0.0000,0,848674.9682,20230120
20230120,IH2301,,,2832.2000,2815.0000,2818.4000,17718,2821.4000,2833.0000,2821.4000,1258,1067635080.0000,16584,0.0000,0.0000,3378.0000,2252.0000,0,0,09:32:11,200,2832.0000,2,2832.2000,2,0.0000,0,0.0000,0,0.0000,0,0.0000,0,0.0000,0,0.0000,0,0.0000,0,0.0000,0,848676.5342,20230120
20230120,IH2301,,,2832.0000,2815.0000,2818.4000,17718,2821.4000,2833.0000,2821.4000,1262,1071033600.0000,16580,0.0000,0.0000,3378.0000,2252.0000,0,0,09:32:11,700,2832.2000,2,2832.4000,1,0.0000,0,0.0000,0,0.0000,0,0.0000,0,0.0000,0,0.0000,0,0.0000,0,0.0000,0,848679.5563,20230120
20230120,IH2301,,,2832.2000,2815.0000,2818.4000,17718,2821.4000,2833.0000,2821.4000,1268,1076131200.0000,16574,0.0000,0.0000,3378.0000,2252.0000,0,0,09:32:12,200,2831.8000,2,2832.4000,1,0.0000,0,0.0000,0,0.0000,0,0.0000,0,0.0000,0,0.0000,0,0.0000,0,0.0000,0,848683.9117,20230120
20230120,IH2301,,,2831.6000,2815.0000,2818.4000,17718,2821.4000,2833.0000,2821.4000,1271,1078679760.0000,16571,0.0000,0.0000,3378.0000,2252.0000,0,0,09:32:12,700,2831.6000,2,2831.8000,2,0.0000,0,0.0000,0,0.0000,0,0.0000,0,0.0000,0,0.0000,0,0.0000,0,0.0000,0,848685.8851,20230120
20230120,IH2301,,,2831.8000,2815.0000,2818.4000,17718,2821.4000,2833.0000,2821.4000,1274,1081228260.0000,16568,0.0000,0.0000,3378.0000,2252.0000,0,0,09:32:13,200,2831.8000,2,2832.2000,2,0.0000,0,0.0000,0,0.0000,0,0.0000,0,0.0000,0,0.0000,0,0.0000,0,0.0000,0,848687.8022,20230120
20230120,IH2301,,,2831.8000,2815.0000,2818.4000,17718,2821.4000,2833.0000,2821.4000,1276,1082927340.0000,16566,0.0000,0.0000,3378.0000,2252.0000,0,0,09:32:13,700,2831.4000,2,2832.0000,1,0.0000,0,0.0000,0,0.0000,0,0.0000,0,0.0000,0,0.0000,0,0.0000,0,0.0000,0,848689.1379,20230120
20230120,IH2301,,,2832.0000,2815.0000,2818.4000,17718,2821.4000,2833.0000,2821.4000,1277,1083776940.0000,16565,0.0000,0.0000,3378.0000,2252.0000,0,0,09:32:14,200,2831.4000,2,2831.8000,1,0.0000,0,0.0000,0,0.0000,0,0.0000,0,0.0000,0,0.0000,0,0.0000,0,0.0000,0,848689.8512,20230120
20230120,IH2301,,,2832.0000,2815.0000,2818.4000,17718,2821.4000,2833.0000,2821.4000,1279,1085476140.0000,16564,0.0000,0.0000,3378.0000,2252.0000,0,0,09:32:14,700,2831.4000,2,2831.6000,2,0.0000,0,0.0000,0,0.0000,0,0.0000,0,0.0000,0,0.0000,0,0.0000,0,0.0000,0,848691.2744,20230120
20230120,IH2301,,,2831.6000,2815.0000,2818.4000,17718,2821.4000,2833.0000,2821.4000,1281,1087175100.0000,16562,0.0000,0.0000,3378.0000,2252.0000,0,0,09:32:15,200,2831.6000,2,2832.4000,1,0.0000,0,0.0000,0,0.0000,0,0.0000,0,0.0000,0,0.0000,0,0.0000,0,0.0000,0,848692.5059,20230120
20230120,IH2301,,,2831.6000,2815.0000,2818.4000,17718,2821.4000,2833.0000,2821.4000,1281,1087175100.0000,16562,0.0000,0.0000,3378.0000,2252.0000,0,0,09:32:15,700,2831.6000,2,2832.2000,6,0.0000,0,0.0000,0,0.0000,0,0.0000,0,0.0000,0,0.0000,0,0.0000,0,0.0000,0,848692.5059,20230120
20230120,IH2301,,,2832.0000,2815.0000,2818.4000,17718,2821.4000,2833.0000,2821.4000,1283,1088874180.0000,16560,0.0000,0.0000,3378.0000,2252.0000,0,0,09:32:16,200,2831.6000,1,2832.0000,2,0.0000,0,0.0000,0,0.0000,0,0.0000,0,0.0000,0,0.0000,0,0.0000,0,0.0000,0,848693.8270,20230120
20230120,IH2301,,,2832.0000,2815.0000,2818.4000,17718,2821.4000,2833.0000,2821.4000,1285,1090573260.0000,16558,0.0000,0.0000,3378.0000,2252.0000,0,0,09:32:16,700,2831.4000,2,2832.0000,1,0.0000,0,0.0000,0,0.0000,0,0.0000,0,0.0000,0,0.0000,0,0.0000,0,0.0000,0,848695.1440,20230120
20230120,IH2301,,,2832.0000,2815.0000,2818.4000,17718,2821.4000,2833.0000,2821.4000,1285,1090573260.0000,16558,0.0000,0.0000,3378.0000,2252.0000,0,0,09:32:17,200,2831.4000,2,2831.6000,2,0.0000,0,0.0000,0,0.0000,0,0.0000,0,0.0000,0,0.0000,0,0.0000,0,0.0000,0,848695.1440,20230120
20230120,IH2301,,,2831.6000,2815.0000,2818.4000,17718,2821.4000,2833.0000,2821.4000,1291,1095669840.0000,16552,0.0000,0.0000,3378.0000,2252.0000,0,0,09:32:17,700,2831.2000,2,2832.0000,1,0.0000,0,0.0000,0,0.0000,0,0.0000,0,0.0000,0,0.0000,0,0.0000,0,0.0000,0,848698.5593,20230120
20230120,IH2301,,,2831.6000,2815.0000,2818.4000,17718,2821.4000,2833.0000,2821.4000,1292,1096519320.0000,16551,0.0000,0.0000,3378.0000,2252.0000,0,0,09:32:18,200,2831.0000,1,2831.8000,1,0.0000,0,0.0000,0,0.0000,0,0.0000,0,0.0000,0,0.0000,0,0.0000,0,0.0000,0,848699.1641,20230120
20230120,IH2301,,,2831.0000,2815.0000,2818.4000,17718,2821.4000,2833.0000,2821.4000,1293,1097368620.0000,16550,0.0000,0.0000,3378.0000,2252.0000,0,0,09:32:18,700,2830.8000,2,2831.4000,2,0.0000,0,0.0000,0,0.0000,0,0.0000,0,0.0000,0,0.0000,0,0.0000,0,0.0000,0,848699.6288,20230120
20230120,IH2301,,,2831.0000,2815.0000,2818.4000,17718,2821.4000,2833.0000,2821.4000,1293,1097368620.0000,16550,0.0000,0.0000,3378.0000,2252.0000,0,0,09:32:19,200,2829.2000,3,2831.0000,2,0.0000,0,0.0000,0,0.0000,0,0.0000,0,0.0000,0,0.0000,0,0.0000,0,0.0000,0,848699.6288,20230120
20230120,IH2301,,,2831.0000,2815.0000,2818.4000,17718,2821.4000,2833.0000,2821.4000,1294,1098217920.0000,16549,0.0000,0.0000,3378.0000,2252.0000,0,0,09:32:19,700,2829.8000,2,2830.8000,5,0.0000,0,0.0000,0,0.0000,0,0.0000,0,0.0000,0,0.0000,0,0.0000,0,0.0000,0,848700.0927,20230120
20230120,IH2301,,,2830.8000,2815.0000,2818.4000,17718,2821.4000,2833.0000,2821.4000,1296,1099916400.0000,16547,0.0000,0.0000,3378.0000,2252.0000,0,0,09:32:20,200,2830.8000,1,2831.0000,2,0.0000,0,0.0000,0,0.0000,0,0.0000,0,0.0000,0,0.0000,0,0.0000,0,0.0000,0,848700.9259,20230120
20230120,IH2301,,,2831.0000,2815.0000,2818.4000,17718,2821.4000,2833.0000,2821.4000,1303,1105861320.0000,16540,0.0000,0.0000,3378.0000,2252.0000,0,0,09:32:20,700,2830.2000,1,2831.0000,2,0.0000,0,0.0000,0,0.0000,0,0.0000,0,0.0000,0,0.0000,0,0.0000,0,0.0000,0,848704.0061,20230120
20230120,IH2301,,,2830.6000,2815.0000,2818.4000,17718,2821.4000,2833.0000,2821.4000,1307,1109258280.0000,16536,0.0000,0.0000,3378.0000,2252.0000,0,0,09:32:21,200,2830.4000,3,2831.0000,10,0.0000,0,0.0000,0,0.0000,0,0.0000,0,0.0000,0,0.0000,0,0.0000,0,0.0000,0,848705.6465,20230120
20230120,IH2301,,,2831.0000,2815.0000,2818.4000,17718,2821.4000,2833.0000,2821.4000,1309,1110956880.0000,16534,0.0000,0.0000,3378.0000,2252.0000,0,0,09:32:21,700,2830.4000,6,2831.0000,8,0.0000,0,0.0000,0,0.0000,0,0.0000,0,0.0000,0,0.0000,0,0.0000,0,0.0000,0,848706.5546,20230120
20230120,IH2301,,,2831.0000,2815.0000,2818.4000,17718,2821.4000,2833.0000,2821.4000,1311,1112655300.0000,16532,0.0000,0.0000,3378.0000,2252.0000,0,0,09:32:22,200,2830.4000,5,2831.0000,7,0.0000,0,0.0000,0,0.0000,0,0.0000,0,0.0000,0,0.0000,0,0.0000,0,0.0000,0,848707.3227,20230120
20230120,IH2301,,,2831.0000,2815.0000,2818.4000,17718,2821.4000,2833.0000,2821.4000,1312,1113504600.0000,16531,0.0000,0.0000,3378.0000,2252.0000,0,0,09:32:22,700,2830.4000,5,2831.0000,6,0.0000,0,0.0000,0,0.0000,0,0.0000,0,0.0000,0,0.0000,0,0.0000,0,0.0000,0,848707.7744,20230120
20230120,IH2301,,,2831.0000,2815.0000,2818.4000,17718,2821.4000,2833.0000,2821.4000,1312,1113504600.0000,16531,0.0000,0.0000,3378.0000,2252.0000,0,0,09:32:23,200,2830.4000,5,2830.8000,2,0.0000,0,0.0000,0,0.0000,0,0.0000,0,0.0000,0,0.0000,0,0.0000,0,0.0000,0,848707.7744,20230120
20230120,IH2301,,,2830.8000,2815.0000,2818.4000,17718,2821.4000,2833.0000,2821.4000,1316,1116901200.0000,16527,0.0000,0.0000,3378.0000,2252.0000,0,0,09:32:23,700,2830.0000,3,2830.8000,2,0.0000,0,0.0000,0,0.0000,0,0.0000,0,0.0000,0,0.0000,0,0.0000,0,0.0000,0,848709.1185,20230120
20230120,IH2301,,,2830.8000,2815.0000,2818.4000,17718,2821.4000,2833.0000,2821.4000,1317,1117750440.0000,16526,0.0000,0.0000,3378.0000,2252.0000,0,0,09:32:24,200,2830.0000,3,2831.0000,6,0.0000,0,0.0000,0,0.0000,0,0.0000,0,0.0000,0,0.0000,0,0.0000,0,0.0000,0,848709.5216,20230120
20230120,IH2301,,,2830.8000,2815.0000,2818.4000,17718,2821.4000,2833.0000,2821.4000,1318,1118599680.0000,16525,0.0000,0.0000,3378.0000,2252.0000,0,0,09:32:24,700,2830.4000,1,2830.8000,2,0.0000,0,0.0000,0,0.0000,0,0.0000,0,0.0000,0,0.0000,0,0.0000,0,0.0000,0,848709.9241,20230120
20230120,IH2301,,,2830.8000,2815.0000,2818.4000,17718,2821.4000,2833.0000,2821.4000,1318,1118599680.0000,16525,0.0000,0.0000,3378.0000,2252.0000,0,0,09:32:25,200,2829.8000,3,2830.0000,2,0.0000,0,0.0000,0,0.0000,0,0.0000,0,0.0000,0,0.0000,0,0.0000,0,0.0000,0,848709.9241,20230120
20230120,IH2301,,,2830.6000,2815.0000,2818.4000,17718,2821.4000,2833.0000,2821.4000,1322,1121996040.0000,16521,0.0000,0.0000,3378.0000,2252.0000,0,0,09:32:25,700,2830.0000,2,2830.8000,1,0.0000,0,0.0000,0,0.0000,0,0.0000,0,0.0000,0,0.0000,0,0.0000,0,0.0000,0,848711.0741,20230120
20230120,IH2301,,,2830.0000,2815.0000,2818.4000,17718,2821.4000,2833.0000,2821.4000,1323,1122845040.0000,16520,0.0000,0.0000,3378.0000,2252.0000,0,0,09:32:26,200,2830.0000,1,2830.6000,3,0.0000,0,0.0000,0,0.0000,0,0.0000,0,0.0000,0,0.0000,0,0.0000,0,0.0000,0,848711.2925,20230120
20230120,IH2301,,,2830.0000,2815.0000,2818.4000,17718,2821.4000,2833.0000,2821.4000,1325,1124543040.0000,16518,0.0000,0.0000,3378.0000,2252.0000,0,0,09:32:26,700,2829.8000,1,2830.4000,3,0.0000,0,0.0000,0,0.0000,0,0.0000,0,0.0000,0,0.0000,0,0.0000,0,0.0000,0,848711.7283,20230120
20230120,IH2301,,,2830.2000,2815.0000,2818.4000,17718,2821.4000,2833.0000,2821.4000,1326,1125392100.0000,16517,0.0000,0.0000,3378.0000,2252.0000,0,0,09:32:27,200,2829.8000,1,2830.0000,1,0.0000,0,0.0000,0,0.0000,0,0.0000,0,0.0000,0,0.0000,0,0.0000,0,0.0000,0,848711.9910,20230120
20230120,IH2301,,,2829.8000,2815.0000,2818.4000,17718,2821.4000,2833.0000,2821.4000,1327,1126241040.0000,16517,0.0000,0.0000,3378.0000,2252.0000,0,0,09:32:27,700,2829.4000,3,2830.0000,1,0.0000,0,0.0000,0,0.0000,0,0.0000,0,0.0000,0,0.0000,0,0.0000,0,0.0000,0,848712.1628,20230120
20230120,IH2301,,,2830.4000,2815.0000,2818.4000,17718,2821.4000,2833.0000,2821.4000,1329,1127939160.0000,16515,0.0000,0.0000,3378.0000,2252.0000,0,0,09:32:28,200,2829.6000,2,2830.6000,1,0.0000,0,0.0000,0,0.0000,0,0.0000,0,0.0000,0,0.0000,0,0.0000,0,0.0000,0,848712.6862,20230120
20230120,IH2301,,,2829.6000,2815.0000,2818.4000,17718,2821.4000,2833.0000,2821.4000,1331,1129636920.0000,16513,0.0000,0.0000,3378.0000,2252.0000,0,0,09:32:28,700,2829.6000,1,2830.4000,1,0.0000,0,0.0000,0,0.0000,0,0.0000,0,0.0000,0,0.0000,0,0.0000,0,0.0000,0,848712.9376,20230120
20230120,IH2301,,,2830.4000,2815.0000,2818.4000,17718,2821.4000,2833.0000,2821.4000,1332,1130486040.0000,16512,0.0000,0.0000,3378.0000,2252.0000,0,0,09:32:29,200,2829.6000,2,2830.6000,1,0.0000,0,0.0000,0,0.0000,0,0.0000,0,0.0000,0,0.0000,0,0.0000,0,0.0000,0,848713.2432,20230120
20230120,IH2301,,,2830.4000,2815.0000,2818.4000,17718,2821.4000,2833.0000,2821.4000,1332,1130486040.0000,16512,0.0000,0.0000,3378.0000,2252.0000,0,0,09:32:29,700,2830.0000,1,2830.4000,2,0.0000,0,0.0000,0,0.0000,0,0.0000,0,0.0000,0,0.0000,0,0.0000,0,0.0000,0,848713.2432,20230120
20230120,IH2301,,,2830.0000,2815.0000,2818.4000,17718,2821.4000,2833.0000,2821.4000,1333,1131335040.0000,16511,0.0000,0.0000,3378.0000,2252.0000,0,0,09:32:30,200,2829.4000,3,2830.4000,3,0.0000,0,0.0000,0,0.0000,0,0.0000,0,0.0000,0,0.0000,0,0.0000,0,0.0000,0,848713.4584,20230120
20230120,IH2301,,,2829.6000,2815.0000,2818.4000,17718,2821.4000,2833.0000,2821.4000,1334,1132183920.0000,16511,0.0000,0.0000,3378.0000,2252.0000,0,0,09:32:31,700,2829.4000,3,2830.4000,3,0.0000,0,0.0000,0,0.0000,0,0.0000,0,0.0000,0,0.0000,0,0.0000,0,0.0000,0,848713.5832,20230120
20230120,IH2301,,,2829.6000,2815.0000,2818.4000,17718,2821.4000,2833.0000,2821.4000,1337,1134730800.0000,16508,0.0000,0.0000,3378.0000,2252.0000,0,0,09:32:32,200,2829.6000,1,2830.2000,1,0.0000,0,0.0000,0,0.0000,0,0.0000,0,0.0000,0,0.0000,0,0.0000,0,0.0000,0,848714.1361,20230120
20230120,IH2301,,,2829.6000,2815.0000,2818.4000,17718,2821.4000,2833.0000,2821.4000,1337,1134730800.0000,16508,0.0000,0.0000,3378.0000,2252.0000,0,0,09:32:32,700,2829.6000,1,2830.2000,1,0.0000,0,0.0000,0,0.0000,0,0.0000,0,0.0000,0,0.0000,0,0.0000,0,0.0000,0,848714.1361,20230120
20230120,IH2301,,,2829.6000,2815.0000,2818.4000,17718,2821.4000,2833.0000,2821.4000,1338,1135579680.0000,16507,0.0000,0.0000,3378.0000,2252.0000,0,0,09:32:33,200,2829.4000,3,2830.2000,1,0.0000,0,0.0000,0,0.0000,0,0.0000,0,0.0000,0,0.0000,0,0.0000,0,0.0000,0,848714.2601,20230120
20230120,IH2301,,,2829.6000,2815.0000,2818.4000,17718,2821.4000,2833.0000,2821.4000,1338,1135579680.0000,16507,0.0000,0.0000,3378.0000,2252.0000,0,0,09:32:33,700,2829.4000,3,2830.0000,6,0.0000,0,0.0000,0,0.0000,0,0.0000,0,0.0000,0,0.0000,0,0.0000,0,0.0000,0,848714.2601,20230120
20230120,IH2301,,,2829.6000,2815.0000,2818.4000,17718,2821.4000,2833.0000,2821.4000,1338,1135579680.0000,16507,0.0000,0.0000,3378.0000,2252.0000,0,0,09:32:34,200,2829.2000,4,2829.4000,2,0.0000,0,0.0000,0,0.0000,0,0.0000,0,0.0000,0,0.0000,0,0.0000,0,0.0000,0,848714.2601,20230120
20230120,IH2301,,,2829.4000,2815.0000,2818.4000,17718,2821.4000,2833.0000,2821.4000,1351,1146613680.0000,16494,0.0000,0.0000,3378.0000,2252.0000,0,0,09:32:34,700,2828.2000,1,2830.0000,3,0.0000,0,0.0000,0,0.0000,0,0.0000,0,0.0000,0,0.0000,0,0.0000,0,0.0000,0,848714.7890,20230120
20230120,IH2301,,,2829.4000,2815.0000,2818.4000,17718,2821.4000,2833.0000,2821.4000,1352,1147462500.0000,16493,0.0000,0.0000,3378.0000,2252.0000,0,0,09:32:35,200,2828.6000,1,2829.6000,1,0.0000,0,0.0000,0,0.0000,0,0.0000,0,0.0000,0,0.0000,0,0.0000,0,0.0000,0,848714.8669,20230120
20230120,IH2301,,,2829.4000,2815.0000,2818.4000,17718,2821.4000,2833.0000,2821.4000,1352,1147462500.0000,16493,0.0000,0.0000,3378.0000,2252.0000,0,0,09:32:35,700,2828.8000,3,2829.8000,3,0.0000,0,0.0000,0,0.0000,0,0.0000,0,0.0000,0,0.0000,0,0.0000,0,0.0000,0,848714.8669,20230120
20230120,IH2301,,,2829.6000,2815.0000,2818.4000,17718,2821.4000,2833.0000,2821.4000,1353,1148311380.0000,16492,0.0000,0.0000,3378.0000,2252.0000,0,0,09:32:36,200,2828.6000,1,2829.6000,2,0.0000,0,0.0000,0,0.0000,0,0.0000,0,0.0000,0,0.0000,0,0.0000,0,0.0000,0,848714.9889,20230120
20230120,IH2301,,,2829.6000,2815.0000,2818.4000,17718,2821.4000,2833.0000,2821.4000,1353,1148311380.0000,16492,0.0000,0.0000,3378.0000,2252.0000,0,0,09:32:36,700,2828.6000,1,2829.4000,2,0.0000,0,0.0000,0,0.0000,0,0.0000,0,0.0000,0,0.0000,0,0.0000,0,0.0000,0,848714.9889,20230120
20230120,IH2301,,,2829.6000,2815.0000,2818.4000,17718,2821.4000,2833.0000,2821.4000,1354,1149160260.0000,16491,0.0000,0.0000,3378.0000,2252.0000,0,0,09:32:37,200,2828.8000,1,2829.4000,4,0.0000,0,0.0000,0,0.0000,0,0.0000,0,0.0000,0,0.0000,0,0.0000,0,0.0000,0,848715.1108,20230120
20230120,IH2301,,,2829.4000,2815.0000,2818.4000,17718,2821.4000,2833.0000,2821.4000,1356,1150857720.0000,16489,0.0000,0.0000,3378.0000,2252.0000,0,0,09:32:37,700,2828.4000,9,2829.4000,3,0.0000,0,0.0000,0,0.0000,0,0.0000,0,0.0000,0,0.0000,0,0.0000,0,0.0000,0,848715.1327,20230120
20230120,IH2301,,,2829.4000,2815.0000,2818.4000,17718,2821.4000,2833.0000,2821.4000,1357,1151706540.0000,16488,0.0000,0.0000,3378.0000,2252.0000,0,0,09:32:38,200,2828.6000,3,2829.4000,2,0.0000,0,0.0000,0,0.0000,0,0.0000,0,0.0000,0,0.0000,0,0.0000,0,0.0000,0,848715.2100,20230120
20230120,IH2301,,,2829.4000,2815.0000,2818.4000,17718,2821.4000,2833.0000,2821.4000,1359,1153404180.0000,16486,0.0000,0.0000,3378.0000,2252.0000,0,0,09:32:38,700,2828.6000,3,2829.6000,2,0.0000,0,0.0000,0,0.0000,0,0.0000,0,0.0000,0,0.0000,0,0.0000,0,0.0000,0,848715.3642,20230120
20230120,IH2301,,,2829.4000,2815.0000,2818.4000,17718,2821.4000,2833.0000,2821.4000,1359,1153404180.0000,16486,0.0000,0.0000,3378.0000,2252.0000,0,0,09:32:39,200,2828.6000,6,2828.8000,2,0.0000,0,0.0000,0,0.0000,0,0.0000,0,0.0000,0,0.0000,0,0.0000,0,0.0000,0,848715.3642,20230120
20230120,IH2301,,,2828.8000,2815.0000,2818.4000,17718,2821.4000,2833.0000,2821.4000,1361,1155101520.0000,16484,0.0000,0.0000,3378.0000,2252.0000,0,0,09:32:39,700,2829.0000,2,2829.4000,3,0.0000,0,0.0000,0,0.0000,0,0.0000,0,0.0000,0,0.0000,0,0.0000,0,0.0000,0,848715.2976,20230120
20230120,IH2301,,,2828.8000,2815.0000,2818.4000,17718,2821.4000,2833.0000,2821.4000,1363,1156798800.0000,16482,0.0000,0.0000,3378.0000,2252.0000,0,0,09:32:40,200,2828.8000,2,2829.4000,3,0.0000,0,0.0000,0,0.0000,0,0.0000,0,0.0000,0,0.0000,0,0.0000,0,0.0000,0,848715.1871,20230120
20230120,IH2301,,,2827.4000,2815.0000,2818.4000,17718,2821.4000,2833.0000,2821.4000,1373,1165284120.0000,16472,0.0000,0.0000,3378.0000,2252.0000,0,0,09:32:40,700,2827.4000,4,2829.0000,2,0.0000,0,0.0000,0,0.0000,0,0.0000,0,0.0000,0,0.0000,0,0.0000,0,0.0000,0,848713.8529,20230120
20230120,IH2301,,,2828.6000,2815.0000,2818.4000,17718,2821.4000,2833.0000,2821.4000,1374,1166132700.0000,16471,0.0000,0.0000,3378.0000,2252.0000,0,0,09:32:41,200,2828.0000,4,2829.0000,2,0.0000,0,0.0000,0,0.0000,0,0.0000,0,0.0000,0,0.0000,0,0.0000,0,0.0000,0,848713.7555,20230120
20230120,IH2301,,,2828.6000,2815.0000,2818.4000,17718,2821.4000,2833.0000,2821.4000,1374,1166132700.0000,16471,0.0000,0.0000,3378.0000,2252.0000,0,0,09:32:41,700,2828.4000,1,2829.0000,2,0.0000,0,0.0000,0,0.0000,0,0.0000,0,0.0000,0,0.0000,0,0.0000,0,0.0000,0,848713.7555,20230120
20230120,IH2301,,,2828.6000,2815.0000,2818.4000,17718,2821.4000,2833.0000,2821.4000,1375,1166981280.0000,16470,0.0000,0.0000,3378.0000,2252.0000,0,0,09:32:42,200,2828.2000,3,2828.8000,2,0.0000,0,0.0000,0,0.0000,0,0.0000,0,0.0000,0,0.0000,0,0.0000,0,0.0000,0,848713.6582,20230120
20230120,IH2301,,,2828.8000,2815.0000,2818.4000,17718,2821.4000,2833.0000,2821.4000,1376,1167829920.0000,16469,0.0000,0.0000,3378.0000,2252.0000,0,0,09:32:42,700,2828.2000,3,2828.8000,1,0.0000,0,0.0000,0,0.0000,0,0.0000,0,0.0000,0,0.0000,0,0.0000,0,0.0000,0,848713.6047,20230120
20230120,IH2301,,,2828.2000,2815.0000,2818.4000,17718,2821.4000,2833.0000,2821.4000,1377,1168678380.0000,16468,0.0000,0.0000,3378.0000,2252.0000,0,0,09:32:43,200,2827.8000,3,2828.2000,1,0.0000,0,0.0000,0,0.0000,0,0.0000,0,0.0000,0,0.0000,0,0.0000,0,0.0000,0,848713.4205,20230120
20230120,IH2301,,,2829.0000,2815.0000,2818.4000,17718,2821.4000,2833.0000,2821.4000,1380,1171224240.0000,16465,0.0000,0.0000,3378.0000,2252.0000,0,0,09:32:43,700,2828.4000,1,2829.2000,1,0.0000,0,0.0000,0,0.0000,0,0.0000,0,0.0000,0,0.0000,0,0.0000,0,0.0000,0,848713.2174,20230120
20230120,IH2301,,,2829.2000,2815.0000,2818.4000,17718,2821.4000,2833.0000,2821.4000,1381,1172073000.0000,16464,0.0000,0.0000,3378.0000,2252.0000,0,0,09:32:44,200,2828.8000,2,2829.6000,2,0.0000,0,0.0000,0,0.0000,0,0.0000,0,0.0000,0,0.0000,0,0.0000,0,0.0000,0,848713.2513,20230120
20230120,IH2301,,,2829.2000,2815.0000,2818.4000,17718,2821.4000,2833.0000,2821.4000,1381,1172073000.0000,16464,0.0000,0.0000,3378.0000,2252.0000,0,0,09:32:44,700,2828.8000,2,2829.4000,1,0.0000,0,0.0000,0,0.0000,0,0.0000,0,0.0000,0,0.0000,0,0.0000,0,0.0000,0,848713.2513,20230120
20230120,IH2301,,,2829.4000,2815.0000,2818.4000,17718,2821.4000,2833.0000,2821.4000,1382,1172921820.0000,16463,0.0000,0.0000,3378.0000,2252.0000,0,0,09:32:45,200,2828.8000,1,2829.6000,2,0.0000,0,0.0000,0,0.0000,0,0.0000,0,0.0000,0,0.0000,0,0.0000,0,0.0000,0,848713.3285,20230120
20230120,IH2301,,,2829.4000,2815.0000,2818.4000,17718,2821.4000,2833.0000,2821.4000,1382,1172921820.0000,16463,0.0000,0.0000,3378.0000,2252.0000,0,0,09:32:45,700,2829.0000,3,2829.6000,2,0.0000,0,0.0000,0,0.0000,0,0.0000,0,0.0000,0,0.0000,0,0.0000,0,0.0000,0,848713.3285,20230120
20230120,IH2301,,,2829.4000,2815.0000,2818.4000,17718,2821.4000,2833.0000,2821.4000,1382,1172921820.0000,16463,0.0000,0.0000,3378.0000,2252.0000,0,0,09:32:46,200,2829.0000,3,2830.0000,2,0.0000,0,0.0000,0,0.0000,0,0.0000,0,0.0000,0,0.0000,0,0.0000,0,0.0000,0,848713.3285,20230120
20230120,IH2301,,,2829.4000,2815.0000,2818.4000,17718,2821.4000,2833.0000,2821.4000,1382,1172921820.0000,16463,0.0000,0.0000,3378.0000,2252.0000,0,0,09:32:46,700,2829.0000,3,2830.0000,2,0.0000,0,0.0000,0,0.0000,0,0.0000,0,0.0000,0,0.0000,0,0.0000,0,0.0000,0,848713.3285,20230120
20230120,IH2301,,,2829.0000,2815.0000,2818.4000,17718,2821.4000,2833.0000,2821.4000,1383,1173770520.0000,16462,0.0000,0.0000,3378.0000,2252.0000,0,0,09:32:47,200,2829.0000,2,2830.0000,2,0.0000,0,0.0000,0,0.0000,0,0.0000,0,0.0000,0,0.0000,0,0.0000,0,0.0000,0,848713.3189,20230120
20230120,IH2301,,,2829.0000,2815.0000,2818.4000,17718,2821.4000,2833.0000,2821.4000,1383,1173770520.0000,16462,0.0000,0.0000,3378.0000,2252.0000,0,0,09:32:47,700,2828.8000,2,2829.8000,1,0.0000,0,0.0000,0,0.0000,0,0.0000,0,0.0000,0,0.0000,0,0.0000,0,0.0000,0,848713.3189,20230120
20230120,IH2301,,,2829.0000,2815.0000,2818.4000,17718,2821.4000,2833.0000,2821.4000,1383,1173770520.0000,16462,0.0000,0.0000,3378.0000,2252.0000,0,0,09:32:48,200,2829.2000,1,2829.6000,1,0.0000,0,0.0000,0,0.0000,0,0.0000,0,0.0000,0,0.0000,0,0.0000,0,0.0000,0,848713.3189,20230120
20230120,IH2301,,,2829.0000,2815.0000,2818.4000,17718,2821.4000,2833.0000,2821.4000,1386,1176316800.0000,16459,0.0000,0.0000,3378.0000,2252.0000,0,0,09:32:48,700,2829.0000,1,2829.4000,1,0.0000,0,0.0000,0,0.0000,0,0.0000,0,0.0000,0,0.0000,0,0.0000,0,0.0000,0,848713.4199,20230120
20230120,IH2301,,,2829.0000,2815.0000,2818.4000,17718,2821.4000,2833.0000,2821.4000,1386,1176316800.0000,16459,0.0000,0.0000,3378.0000,2252.0000,0,0,09:32:49,200,2828.8000,2,2829.4000,4,0.0000,0,0.0000,0,0.0000,0,0.0000,0,0.0000,0,0.0000,0,0.0000,0,0.0000,0,848713.4199,20230120
20230120,IH2301,,,2829.0000,2815.0000,2818.4000,17718,2821.4000,2833.0000,2821.4000,1386,1176316800.0000,16459,0.0000,0.0000,3378.0000,2252.0000,0,0,09:32:49,700,2829.0000,4,2829.4000,4,0.0000,0,0.0000,0,0.0000,0,0.0000,0,0.0000,0,0.0000,0,0.0000,0,0.0000,0,848713.4199,20230120
20230120,IH2301,,,2829.0000,2815.0000,2818.4000,17718,2821.4000,2833.0000,2821.4000,1386,1176316800.0000,16459,0.0000,0.0000,3378.0000,2252.0000,0,0,09:32:50,200,2829.0000,1,2829.4000,4,0.0000,0,0.0000,0,0.0000,0,0.0000,0,0.0000,0,0.0000,0,0.0000,0,0.0000,0,848713.4199,20230120
20230120,IH2301,,,2829.4000,2815.0000,2818.4000,17718,2821.4000,2833.0000,2821.4000,1387,1177165620.0000,16458,0.0000,0.0000,3378.0000,2252.0000,0,0,09:32:50,700,2829.0000,1,2829.2000,1,0.0000,0,0.0000,0,0.0000,0,0.0000,0,0.0000,0,0.0000,0,0.0000,0,0.0000,0,848713.4968,20230120
20230120,IH2301,,,2829.4000,2815.0000,2818.4000,17718,2821.4000,2833.0000,2821.4000,1392,1181409600.0000,16453,0.0000,0.0000,3378.0000,2252.0000,0,0,09:32:51,200,2829.0000,3,2829.4000,1,0.0000,0,0.0000,0,0.0000,0,0.0000,0,0.0000,0,0.0000,0,0.0000,0,0.0000,0,848713.7931,20230120
20230120,IH2301,,,2829.4000,2815.0000,2818.4000,17718,2821.4000,2833.0000,2821.4000,1393,1182258420.0000,16452,0.0000,0.0000,3378.0000,2252.0000,0,0,09:32:51,700,2829.2000,1,2829.8000,3,0.0000,0,0.0000,0,0.0000,0,0.0000,0,0.0000,0,0.0000,0,0.0000,0,0.0000,0,848713.8693,20230120
20230120,IH2301,,,2829.2000,2815.0000,2818.4000,17718,2821.4000,2833.0000,2821.4000,1397,1185653460.0000,16448,0.0000,0.0000,3378.0000,2252.0000,0,0,09:32:52,200,2829.0000,3,2829.6000,2,0.0000,0,0.0000,0,0.0000,0,0.0000,0,0.0000,0,0.0000,0,0.0000,0,0.0000,0,848714.0014,20230120
20230120,IH2301,,,2829.0000,2815.0000,2818.4000,17718,2821.4000,2833.0000,2821.4000,1398,1186502160.0000,16447,0.0000,0.0000,3378.0000,2252.0000,0,0,09:32:52,700,2828.8000,2,2829.8000,4,0.0000,0,0.0000,0,0.0000,0,0.0000,0,0.0000,0,0.0000,0,0.0000,0,0.0000,0,848713.9914,20230120
20230120,IH2301,,,2828.8000,2815.0000,2818.4000,17718,2821.4000,2833.0000,2821.4000,1400,1188199440.0000,16446,0.0000,0.0000,3378.0000,2252.0000,0,0,09:32:53,200,2828.6000,3,2829.6000,2,0.0000,0,0.0000,0,0.0000,0,0.0000,0,0.0000,0,0.0000,0,0.0000,0,0.0000,0,848713.8857,20230120
20230120,IH2301,,,2828.6000,2815.0000,2818.4000,17718,2821.4000,2833.0000,2821.4000,1402,1189896840.0000,16444,0.0000,0.0000,3378.0000,2252.0000,0,0,09:32:53,700,2828.6000,2,2829.4000,2,0.0000,0,0.0000,0,0.0000,0,0.0000,0,0.0000,0,0.0000,0,0.0000,0,0.0000,0,848713.8659,20230120
20230120,IH2301,,,2828.6000,2815.0000,2818.4000,17718,2821.4000,2833.0000,2821.4000,1402,1189896840.0000,16444,0.0000,0.0000,3378.0000,2252.0000,0,0,09:32:54,200,2828.6000,2,2829.4000,2,0.0000,0,0.0000,0,0.0000,0,0.0000,0,0.0000,0,0.0000,0,0.0000,0,0.0000,0,848713.8659,20230120
20230120,IH2301,,,2829.4000,2815.0000,2818.4000,17718,2821.4000,2833.0000,2821.4000,1406,1193292060.0000,16440,0.0000,0.0000,3378.0000,2252.0000,0,0,09:32:54,700,2828.2000,2,2829.0000,3,0.0000,0,0.0000,0,0.0000,0,0.0000,0,0.0000,0,0.0000,0,0.0000,0,0.0000,0,848714.1252,20230120
20230120,IH2301,,,2829.0000,2815.0000,2818.4000,17718,2821.4000,2833.0000,2821.4000,1407,1194140760.0000,16439,0.0000,0.0000,3378.0000,2252.0000,0,0,09:32:55,200,2828.6000,1,2829.0000,2,0.0000,0,0.0000,0,0.0000,0,0.0000,0,0.0000,0,0.0000,0,0.0000,0,0.0000,0,848714.1151,20230120
20230120,IH2301,,,2828.6000,2815.0000,2818.4000,17718,2821.4000,2833.0000,2821.4000,1408,1194989340.0000,16438,0.0000,0.0000,3378.0000,2252.0000,0,0,09:32:55,700,2828.2000,1,2828.8000,2,0.0000,0,0.0000,0,0.0000,0,0.0000,0,0.0000,0,0.0000,0,0.0000,0,0.0000,0,848714.0199,20230120
20230120,IH2301,,,2828.6000,2815.0000,2818.4000,17718,2821.4000,2833.0000,2821.4000,1408,1194989340.0000,16438,0.0000,0.0000,3378.0000,2252.0000,0,0,09:32:56,200,2828.4000,2,2828.8000,2,0.0000,0,0.0000,0,0.0000,0,0.0000,0,0.0000,0,0.0000,0,0.0000,0,0.0000,0,848714.0199,20230120
20230120,IH2301,,,2828.6000,2815.0000,2818.4000,17718,2821.4000,2833.0000,2821.4000,1408,1194989340.0000,16438,0.0000,0.0000,3378.0000,2252.0000,0,0,09:32:56,700,2828.4000,2,2828.8000,2,0.0000,0,0.0000,0,0.0000,0,0.0000,0,0.0000,0,0.0000,0,0.0000,0,0.0000,0,848714.0199,20230120
20230120,IH2301,,,2828.6000,2815.0000,2818.4000,17718,2821.4000,2833.0000,2821.4000,1408,1194989340.0000,16438,0.0000,0.0000,3378.0000,2252.0000,0,0,09:32:57,200,2828.6000,2,2828.8000,1,0.0000,0,0.0000,0,0.0000,0,0.0000,0,0.0000,0,0.0000,0,0.0000,0,0.0000,0,848714.0199,20230120
20230120,IH2301,,,2828.8000,2815.0000,2818.4000,17718,2821.4000,2833.0000,2821.4000,1410,1196686620.0000,16436,0.0000,0.0000,3378.0000,2252.0000,0,0,09:32:57,700,2828.6000,2,2829.0000,3,0.0000,0,0.0000,0,0.0000,0,0.0000,0,0.0000,0,0.0000,0,0.0000,0,0.0000,0,848713.9149,20230120
20230120,IH2301,,,2828.6000,2815.0000,2818.4000,17718,2821.4000,2833.0000,2821.4000,1411,1197535200.0000,16435,0.0000,0.0000,3378.0000,2252.0000,0,0,09:32:58,200,2828.2000,1,2829.0000,3,0.0000,0,0.0000,0,0.0000,0,0.0000,0,0.0000,0,0.0000,0,0.0000,0,0.0000,0,848713.8200,20230120
20230120,IH2301,,,2828.2000,2815.0000,2818.4000,17718,2821.4000,2833.0000,2821.4000,1414,1200080580.0000,16433,0.0000,0.0000,3378.0000,2252.0000,0,0,09:32:58,700,2828.0000,5,2828.2000,1,0.0000,0,0.0000,0,0.0000,0,0.0000,0,0.0000,0,0.0000,0,0.0000,0,0.0000,0,848713.2815,20230120
20230120,IH2301,,,2828.2000,2815.0000,2818.4000,17718,2821.4000,2833.0000,2821.4000,1416,1201777500.0000,16431,0.0000,0.0000,3378.0000,2252.0000,0,0,09:32:59,200,2828.0000,9,2828.2000,1,0.0000,0,0.0000,0,0.0000,0,0.0000,0,0.0000,0,0.0000,0,0.0000,0,0.0000,0,848712.9237,20230120
